2479 3508
319 338 2154 521 IOAN IACOBI WECKERI
815 529 1667 589 BASILIENSIS

1154 628 1301 688 IN

413 671 2034 846 ANTIDOTARIVM. GE¬
694 860 971 920 minum
1002 860 1080 920 ad
1110 860 1465 920 Medicinae
1496 863 1818 923 Studiosos

876 970 1584 1030 PRAEFATIO.

673 1090 760 1150 TS
785 1090 798 1150 1
836 1090 1000 1150 multa
1038 1091 1089 1151 ac
1127 1091 1252 1151 varia
1304 1091 1644 1151 Antidoraria
1683 1093 1871 1153 (vulgo
1923 1098 2275 1158 Dispensato¬

662 1171 732 1231 ria
762 1171 933 1231 dicta)
963 1171 1023 1231 ab
1053 1171 1273 1231 antiquis
1303 1169 1454 1229 simul
1484 1171 1524 1231 &
1554 1171 1945 1231 recentioribus
1975 1176 2196 1236 Medicis
2225 1180 2275 1240 in

665 1250 848 1310 lucem
879 1249 1062 1309 emissa
1092 1249 1256 1309 sunt,
1276 1247 1358 1307 rei
1378 1247 1613 1307 medicae
1643 1249 1888 1309 Studiose
1918 1255 2285 1315 LECTOR:

662 1327 881 1387 tamen,
909 1328 1053 1388 quod
1100 1327 1224 1387 pace
1262 1327 1538 1387 tantorum
1587 1327 1834 1387 Virorum
1863 1328 2072 1388 dictum
2101 1334 2282 1394 velim,

655 1405 880 1465 ordinis
909 1403 1174 1463 diversitas
1203 1403 1263 1463 in
1282 1403 1459 1463 multis
1478 1405 1733 1465 suspecta,
1762 1408 1998 1468 ejusdem
2027 1411 2282 1471 intertur¬

662 1481 814 1541 batio
855 1483 957 1543 non
987 1484 1190 1544 paucos
1211 1484 1476 1544 neglectae
1496 1484 1751 1544 methodi
1781 1484 2014 1544 accusare
2056 1486 2289 1546 videtur:

241 1558 316 1618 cùm
335 1561 722 1621 medicamenta
750 1562 854 1622 nec
882 1562 1137 1622 promptè
1174 1561 1438 1621 inveniri,
1466 1561 1560 1621 nec
1598 1561 1900 1621 commode
1937 1565 2286 1625 administrari

248 1638 393 1698 posint.
432 1640 577 1700 Inter
606 1642 819 1702 Graecos
858 1640 1089 1700 primùm
1119 1639 1303 1699 meritò
1341 1639 1525 1699 locum
1544 1639 1757 1699 obtinet
1786 1640 2038 1700 Galenus,
2057 1642 2144 1702 qui
2174 1646 2289 1706 Me¬

242 1717 609 1777 dicimentorum
638 1718 909 1778 historiam
937 1717 1151 1777 diversis
1180 1715 1363 1775 libris,
1382 1715 1480 1775 pro
1518 1715 1799 1775 occasione
1827 1718 2127 1778 temporis,
2157 1723 2292 1783 hor¬

229 1792 304 1852 tau
323 1796 598 1856 amicorum
635 1798 947 1858 complexus
985 1796 1069 1856 est.
1127 1796 1410 1856 Undecim
1439 1795 1552 1855 sane
1589 1795 1656 1855 de
1684 1795 2015 1855 Simplicium
2043 1798 2289 1858 medica¬

238 1871 485 1931 nentorum
515 1874 907 1934 facultatibus:
928 1874 1072 1934 duos
1103 1874 1166 1934 de
1196 1873 1505 1933 Antidotis:
1536 1873 1733 1933 septem
1763 1873 1825 1933 de
1866 1876 2289 1936 Compositione

238 1951 712 2011 nedicamentorum
741 1954 827 2014 per
857 1954 1089 2014 genera:
1108 1952 1176 2012 de
1214 1952 1465 2012 Theriaca
1495 1952 1563 2012 ad
1582 1952 1862 2012 Pisonem,
1881 1954 2084 2014 unum:
2104 1956 2287 2016 decem

246 2023 285 2083 de
304 2028 695 2088 Compositione
734 2032 1263 2092 medicamentorum
1302 2030 1595 2090 secundum
1634 2030 1781 2090 locos
1829 2032 2035 2092 edidit,
2064 2035 2182 2095 non
2230 2038 2279 2098 ea

243 2105 386 2165 tantùm
415 2107 529 2167 quae
558 2108 635 2168 ad
663 2108 960 2168 Sanitatem
998 2108 1322 2168 pertinent,
1351 2108 1532 2168 verùm
1570 2108 1723 2168 etiam
1761 2110 1886 2170 quae
1914 2110 1982 2170 ad
2020 2112 2286 2172 Ornatum

229 2180 390 2240 faciunt,
409 2188 910 2248 comprehendens.
950 2189 1140 2249 Paulus
1181 2188 1501 2248 Aegineta,
1521 2186 1691 2246 quem
1731 2186 1921 2246 Galeni
1941 2188 2142 2248 simiam
2182 2190 2303 2250 qui¬

239 2258 332 2318 dam
351 2262 596 2322 appellare
624 2266 738 2326 non
757 2266 1048 2326 verentur,
1066 2266 1124 2326 in
1152 2266 1679 2326 Medicamentorum
1707 2264 2028 2324 tractatione
2056 2266 2141 2326 vel
2169 2267 2291 2327 nul¬

233 2333 342 2393 lum,
362 2337 432 2397 vel
462 2341 631 2401 saltem
671 2344 1070 2404 alphabeticum
1110 2344 1369 2404 ordinem
1409 2342 1728 2402 observavit.
1758 2342 2047 2402 Oribasius
2077 2346 2295 2406 ingenio

245 2414 567 2474 diligentiaque
606 2421 870 2481 magnus,
899 2423 1007 2483 non
1037 2423 1262 2483 multam
1291 2422 1339 2482 in
1369 2420 1721 2480 dispositione
1750 2422 2288 2482 Medicamentorum

242 2490 369 2550 curam
397 2495 682 2555 impendit.
709 2498 864 2558 Inter
900 2500 1158 2560 Arabes,
1185 2498 1496 2558 inventione
1532 2498 2074 2558 praestantissimorum
2110 2501 2292 2561 medi¬

237 2567 454 2627 caminum
472 2574 736 2634 insignes,
745 2578 999 2638 tanquam
1027 2579 1264 2639 Hybrida
1292 2578 1517 2638 quidam
1536 2576 1677 2636 joan.
1696 2576 1904 2636 Mesue,
1922 2577 1979 2637 ut
2007 2578 2063 2638 ex
2091 2581 2289 2641 Graecis

236 2647 274 2707 &
302 2650 529 2710 Arabibus
576 2656 737 2716 multa
774 2657 1001 2717 collegit
1029 2657 1464 2717 medicamenta,
1484 2656 1550 2716 ita
1587 2656 1786 2716 Galeni
1814 2656 2069 2716 ordinem
2097 2657 2296 2717 imitari

238 2720 379 2780 voluit.
427 2731 671 2791 Proinde
709 2735 1190 2795 quemadmodum
1228 2734 1463 2794 Galenus
1500 2732 1567 2792 de
1605 2732 2142 2792 Medicamentorum
2180 2738 2292 2798 tum

240 2801 545 2861 generalium,
564 2809 678 2869 tum
706 2812 897 2872 cuique
935 2813 1069 2873 parti
1097 2813 1288 2873 affectae
1316 2811 1649 2871 familiarium
1677 2810 2116 2870 compositione,
2125 2815 2286 2875 pecu¬

239 2878 349 2938 lares
376 2889 920 2949 commendationes,
929 2893 1140 2953 insuper
1177 2891 1324 2951 etiam
1351 2890 1407 2950 de
1435 2890 1711 2950 Antidotis
1738 2890 1968 2950 scripsit:
1987 2890 2051 2950 ita
2088 2893 2299 2953 Mesues

231 2954 341 3014 libro
359 2958 405 3018 de
433 2966 737 3026 Antidotis,
755 2971 1161 3031 Medicamenta
1179 2970 1437 3030 generalia
1465 2968 1788 3028 sectionibus
1815 2968 2138 3028 duodecim,
2157 2970 2294 3030 velu¬

233 3034 477 3094 ficlassibus
507 3046 948 3106 comprehendit:
967 3049 1184 3109 subinde
1213 3048 1330 3108 verò
1360 3046 1546 3106 cuique
1576 3044 1899 3104 singularium
1928 3045 2154 3105 partium
2174 3048 2302 3108 affe¬

251 3112 316 3172 ctui
335 3118 533 3178 propria
561 3127 977 3187 medicamenta,
996 3128 1165 3188 libro,
1184 3127 1345 3187 quem
1363 3125 1429 3185 ob
1458 3124 1514 3184 id
1543 3124 1712 3184 vulgus
1741 3122 2080 3182 Medicorum
2099 3125 2166 3185 de
2194 3127 2308 3187 Ap¬

241 3194 482 3254 Propriatis
509 3202 751 3262 appellat,
770 3206 1067 3266 persecutus
1095 3206 1189 3266 est.
1207 3203 1477 3263 Avicenna
1504 3202 1588 3262 lib.
1606 3202 1634 3262 I.
1653 3202 1708 3262 de
1737 3200 2145 3260 Universalibus,
2164 3203 2247 3263 lib.
2266 3204 2303 3264 2.

247 3266 295 3326 de
324 3280 664 3340 Singularibus
683 3288 995 3348 medicinis,
1015 3288 1209 3348 ordine
1239 3285 1569 3345 alphabetico
1598 3280 1871 3340 disseruit:
1900 3280 2308 3340 Antidotarium
