<?xml version="1.0" encoding="UTF-8" standalone="yes"?>
<PcGts xmlns="http://schema.primaresearch.org/PAGE/gts/pagecontent/2013-07-15" xmlns:xsi="http://www.w3.org/2001/XMLSchema-instance" xsi:schemaLocation="http://schema.primaresearch.org/PAGE/gts/pagecontent/2013-07-15 http://schema.primaresearch.org/PAGE/gts/pagecontent/2013-07-15/pagecontent.xsd">
    <Metadata>
        <Creator>prov=READ-COOP:name=PyLaia@TranskribusPlatform:version=0.7.5:model_id=37855:lm=none:date=23_09_2022_18:43
prov=READ-COOP:name=PyLaia@Transkribus:version=0.7.5:model_id=37855:date=23_09_2022_18:41
prov=University of Rostock/Institute of Mathematics/CITlab|PLANET AI GmbH/Tobias Gruening/tobias.gruening@planet-ai.de:name=de.uros.citlab.module.baseline2polygon.B2PSeamMultiOriented:v=2.6.7</Creator>
        <Created>2022-09-23T18:01:32.456+02:00</Created>
        <LastChange>2025-10-13T19:28:36.324+02:00</LastChange>
        <Comments>
                Measurement unit: pixel
                PrimaryLanguage: 
                Producer: Transkribus
            </Comments>
        <TranskribusMetadata docId="1164174" pageId="47630279" pageNr="11" tsid="257782509" status="FINAL" userId="426746" imgUrl="https://files.transkribus.eu/Get?id=ZQQZDWTOROISCUUWESRBSMYX&amp;fileType=view" xmlUrl="https://files.transkribus.eu/Get?id=YDPLNMCWWSXXJCQHHJJDQDNT" imageId="38929431"/>
    </Metadata>
    <Page imageFilename="0011_p011.jpg" imageWidth="2479" imageHeight="3508">
        <PrintSpace>
            <Coords points="14,156 2479,156 2479,3314 14,3314"/>
        </PrintSpace>
        <ReadingOrder>
            <OrderedGroup id="ro_1760787087819" caption="Regions reading order">
                <RegionRefIndexed index="0" regionRef="r"/>
                <RegionRefIndexed index="1" regionRef="r_2_1"/>
            </OrderedGroup>
        </ReadingOrder>
        <TextRegion id="r" custom="readingOrder {index:0;} structure {type:header;}">
            <Coords points="803,163 1660,163 1660,209 803,209"/>
            <TextLine id="l" custom="readingOrder {index:0;}">
                <Coords points="829,202 1180,201 1432,201 1631,202 1631,172 1432,171 1180,171 829,172"/>
                <Baseline points="829,202 1180,201 1432,201 1631,202"/>
                <TextEquiv>
                    <Unicode>PRAEFATIO</Unicode>
                </TextEquiv>
            </TextLine>
            <TextEquiv>
                <Unicode></Unicode>
            </TextEquiv>
        </TextRegion>
        <TextRegion orientation="0.0" type="paragraph" id="r_2_1" custom="readingOrder {index:1;} structure {type:paragraph;}">
            <Coords points="174,224 2224,224 2224,3314 174,3314"/>
            <TextLine id="r_2_1l1" custom="readingOrder {index:0;}">
                <Coords points="244,293 2224,278 2014,174 1483,238 244,200"/>
                <Baseline points="257,269 354,269 452,269 550,269 647,269 745,270 843,270 940,270 1038,270 1136,270 1234,271 1331,272 1429,272 1527,272 1624,273 1722,273 1820,275 1917,275 2015,276 2113,278 2211,279"/>
                <Word id="r_2_1l1_w1" custom="readingOrder {index:0;}">
                    <Coords points="267,229 267,289 479,289 479,229"/>
                    <TextEquiv>
                        <Unicode>denique</Unicode>
                    </TextEquiv>
                </Word>
                <Word id="r_2_1l1_w2" custom="readingOrder {index:1;}">
                    <Coords points="501,229 501,289 579,289 579,229"/>
                    <TextEquiv>
                        <Unicode>lib.</Unicode>
                    </TextEquiv>
                </Word>
                <Word id="r_2_1l1_w3" custom="readingOrder {index:2;}">
                    <Coords points="601,229 601,289 635,289 635,229"/>
                    <TextEquiv>
                        <Unicode>5.</Unicode>
                    </TextEquiv>
                </Word>
                <Word id="r_2_1l1_w4" custom="readingOrder {index:3;}">
                    <Coords points="646,230 646,290 891,290 891,230"/>
                    <TextEquiv>
                        <Unicode>subjunxit</Unicode>
                    </TextEquiv>
                </Word>
                <Word id="r_2_1l1_w5" custom="readingOrder {index:4;}">
                    <Coords points="915,230 915,290 1115,290 1115,230"/>
                    <TextEquiv>
                        <Unicode>Serapio</Unicode>
                    </TextEquiv>
                </Word>
                <Word id="r_2_1l1_w6" custom="readingOrder {index:5;}">
                    <Coords points="1138,230 1138,290 1316,290 1316,230"/>
                    <TextEquiv>
                        <Unicode>librum</Unicode>
                    </TextEquiv>
                </Word>
                <Word id="r_2_1l1_w7" custom="readingOrder {index:6;}">
                    <Coords points="1338,232 1338,292 1395,292 1395,232"/>
                    <TextEquiv>
                        <Unicode>de</Unicode>
                    </TextEquiv>
                </Word>
                <Word id="r_2_1l1_w8" custom="readingOrder {index:7;}">
                    <Coords points="1417,232 1417,292 1674,292 1674,232"/>
                    <TextEquiv>
                        <Unicode>Antidoris</Unicode>
                    </TextEquiv>
                </Word>
                <Word id="r_2_1l1_w9" custom="readingOrder {index:8;}">
                    <Coords points="1707,233 1707,293 1752,293 1752,233"/>
                    <TextEquiv>
                        <Unicode>&amp;</Unicode>
                    </TextEquiv>
                </Word>
                <Word id="r_2_1l1_w10" custom="readingOrder {index:9;}">
                    <Coords points="1763,235 1763,295 1953,295 1953,235"/>
                    <TextEquiv>
                        <Unicode>librum</Unicode>
                    </TextEquiv>
                </Word>
                <Word id="r_2_1l1_w11" custom="readingOrder {index:10;}">
                    <Coords points="1964,235 1964,295 2021,295 2021,235"/>
                    <TextEquiv>
                        <Unicode>de</Unicode>
                    </TextEquiv>
                </Word>
                <Word id="r_2_1l1_w12" custom="readingOrder {index:11;}">
                    <Coords points="2054,238 2054,298 2210,298 2210,238"/>
                    <TextEquiv>
                        <Unicode>Tem¬</Unicode>
                    </TextEquiv>
                </Word>
                <TextEquiv>
                    <Unicode>denique lib. 5. subjunxit Serapio librum de Antidoris &amp; librum de Tem¬</Unicode>
                </TextEquiv>
            </TextLine>
            <TextLine id="r_2_1l2" custom="readingOrder {index:1;}">
                <Coords points="255,374 2204,378 2204,295 2035,282 256,291"/>
                <Baseline points="267,338 363,339 459,341 555,341 652,342 748,342 844,343 940,344 1037,344 1133,344 1229,344 1325,345 1422,345 1518,345 1614,345 1710,347 1807,347 1903,348 1999,350 2095,351 2192,353"/>
                <Word id="r_2_1l2_w1" custom="readingOrder {index:0;}">
                    <Coords points="262,299 262,359 551,359 551,299"/>
                    <TextEquiv>
                        <Unicode>peramentis</Unicode>
                    </TextEquiv>
                </Word>
                <Word id="r_2_1l2_w2" custom="readingOrder {index:1;}">
                    <Coords points="578,302 578,362 885,362 885,302"/>
                    <TextEquiv>
                        <Unicode>simplicium,</Unicode>
                    </TextEquiv>
                </Word>
                <Word id="r_2_1l2_w3" custom="readingOrder {index:2;}">
                    <Coords points="904,304 904,364 1130,364 1130,304"/>
                    <TextEquiv>
                        <Unicode>congessit</Unicode>
                    </TextEquiv>
                </Word>
                <Word id="r_2_1l2_w4" custom="readingOrder {index:3;}">
                    <Coords points="1148,304 1148,364 1318,364 1318,304"/>
                    <TextEquiv>
                        <Unicode>veriùs,</Unicode>
                    </TextEquiv>
                </Word>
                <Word id="r_2_1l2_w5" custom="readingOrder {index:4;}">
                    <Coords points="1336,305 1336,365 1472,365 1472,305"/>
                    <TextEquiv>
                        <Unicode>quàm</Unicode>
                    </TextEquiv>
                </Word>
                <Word id="r_2_1l2_w6" custom="readingOrder {index:5;}">
                    <Coords points="1490,305 1490,365 1698,365 1698,305"/>
                    <TextEquiv>
                        <Unicode>digessit.</Unicode>
                    </TextEquiv>
                </Word>
                <Word id="r_2_1l2_w7" custom="readingOrder {index:6;}">
                    <Coords points="1716,307 1716,367 1942,367 1942,307"/>
                    <TextEquiv>
                        <Unicode>Nicolaus</Unicode>
                    </TextEquiv>
                </Word>
                <Word id="r_2_1l2_w8" custom="readingOrder {index:7;}">
                    <Coords points="1969,309 1969,369 2015,369 2015,309"/>
                    <TextEquiv>
                        <Unicode>de</Unicode>
                    </TextEquiv>
                </Word>
                <Word id="r_2_1l2_w9" custom="readingOrder {index:8;}">
                    <Coords points="2042,311 2042,371 2203,371 2203,311"/>
                    <TextEquiv>
                        <Unicode>Com¬</Unicode>
                    </TextEquiv>
                </Word>
                <TextEquiv>
                    <Unicode>peramentis simplicium, congessit veriùs, quàm digessit. Nicolaus de Com¬</Unicode>
                </TextEquiv>
            </TextLine>
            <TextLine id="r_2_1l3" custom="readingOrder {index:2;}">
                <Coords points="248,441 2201,449 2037,352 248,374"/>
                <Baseline points="260,410 356,411 452,413 549,413 645,414 742,414 838,414 935,416 1031,416 1128,416 1224,416 1320,417 1417,417 1513,417 1610,417 1706,419 1803,419 1899,420 1996,422 2092,422 2189,423"/>
                <Word id="r_2_1l3_w1" custom="readingOrder {index:0;}">
                    <Coords points="256,370 256,430 419,430 419,370"/>
                    <TextEquiv>
                        <Unicode>positis</Unicode>
                    </TextEquiv>
                </Word>
                <Word id="r_2_1l3_w2" custom="readingOrder {index:1;}">
                    <Coords points="455,373 455,433 828,433 828,373"/>
                    <TextEquiv>
                        <Unicode>medicamentis</Unicode>
                    </TextEquiv>
                </Word>
                <Word id="r_2_1l3_w3" custom="readingOrder {index:2;}">
                    <Coords points="864,376 864,436 1238,436 1238,376"/>
                    <TextEquiv>
                        <Unicode>Antidotarium</Unicode>
                    </TextEquiv>
                </Word>
                <Word id="r_2_1l3_w4" custom="readingOrder {index:3;}">
                    <Coords points="1265,377 1265,437 1419,437 1419,377"/>
                    <TextEquiv>
                        <Unicode>edidit</Unicode>
                    </TextEquiv>
                </Word>
                <Word id="r_2_1l3_w5" custom="readingOrder {index:4;}">
                    <Coords points="1455,377 1455,437 1510,437 1510,377"/>
                    <TextEquiv>
                        <Unicode>eo</Unicode>
                    </TextEquiv>
                </Word>
                <Word id="r_2_1l3_w6" custom="readingOrder {index:5;}">
                    <Coords points="1528,377 1528,437 1737,437 1737,377"/>
                    <TextEquiv>
                        <Unicode>ordine,</Unicode>
                    </TextEquiv>
                </Word>
                <Word id="r_2_1l3_w7" custom="readingOrder {index:6;}">
                    <Coords points="1755,379 1755,439 1900,439 1900,379"/>
                    <TextEquiv>
                        <Unicode>quem</Unicode>
                    </TextEquiv>
                </Word>
                <Word id="r_2_1l3_w8" custom="readingOrder {index:7;}">
                    <Coords points="1918,381 1918,441 2055,441 2055,381"/>
                    <TextEquiv>
                        <Unicode>multi</Unicode>
                    </TextEquiv>
                </Word>
                <Word id="r_2_1l3_w9" custom="readingOrder {index:8;}">
                    <Coords points="2074,382 2074,442 2211,442 2211,382"/>
                    <TextEquiv>
                        <Unicode>inve¬</Unicode>
                    </TextEquiv>
                </Word>
                <TextEquiv>
                    <Unicode>positis medicamentis Antidotarium edidit eo ordine, quem multi inve¬</Unicode>
                </TextEquiv>
            </TextLine>
            <TextLine id="r_2_1l4" custom="readingOrder {index:3;}">
                <Coords points="243,499 2213,528 2213,447 2088,431 243,441"/>
                <Baseline points="254,483 351,485 448,485 546,486 643,486 740,486 838,486 935,486 1032,488 1130,488 1227,488 1324,488 1422,489 1519,489 1616,489 1714,491 1811,492 1908,492 2006,494 2103,495 2201,498"/>
                <Word id="r_2_1l4_w1" custom="readingOrder {index:0;}">
                    <Coords points="251,445 251,505 455,505 455,445"/>
                    <TextEquiv>
                        <Unicode>stigare,</Unicode>
                    </TextEquiv>
                </Word>
                <Word id="r_2_1l4_w2" custom="readingOrder {index:1;}">
                    <Coords points="483,446 483,506 623,506 623,446"/>
                    <TextEquiv>
                        <Unicode>pauci</Unicode>
                    </TextEquiv>
                </Word>
                <Word id="r_2_1l4_w3" custom="readingOrder {index:2;}">
                    <Coords points="650,446 650,506 874,506 874,446"/>
                    <TextEquiv>
                        <Unicode>invenire</Unicode>
                    </TextEquiv>
                </Word>
                <Word id="r_2_1l4_w4" custom="readingOrder {index:3;}">
                    <Coords points="902,447 902,507 1107,507 1107,447"/>
                    <TextEquiv>
                        <Unicode>possint.</Unicode>
                    </TextEquiv>
                </Word>
                <Word id="r_2_1l4_w5" custom="readingOrder {index:4;}">
                    <Coords points="1153,448 1153,508 1227,508 1227,448"/>
                    <TextEquiv>
                        <Unicode>Ex</Unicode>
                    </TextEquiv>
                </Word>
                <Word id="r_2_1l4_w6" custom="readingOrder {index:5;}">
                    <Coords points="1255,449 1255,509 1617,509 1617,449"/>
                    <TextEquiv>
                        <Unicode>recentioribus</Unicode>
                    </TextEquiv>
                </Word>
                <Word id="r_2_1l4_w7" custom="readingOrder {index:6;}">
                    <Coords points="1645,452 1645,512 1999,512 1999,452"/>
                    <TextEquiv>
                        <Unicode>quamplurimi</Unicode>
                    </TextEquiv>
                </Word>
                <Word id="r_2_1l4_w8" custom="readingOrder {index:7;}">
                    <Coords points="2027,454 2027,514 2073,514 2073,454"/>
                    <TextEquiv>
                        <Unicode>in</Unicode>
                    </TextEquiv>
                </Word>
                <Word id="r_2_1l4_w9" custom="readingOrder {index:8;}">
                    <Coords points="2092,456 2092,516 2194,516 2194,456"/>
                    <TextEquiv>
                        <Unicode>hoc</Unicode>
                    </TextEquiv>
                </Word>
                <TextEquiv>
                    <Unicode>stigare, pauci invenire possint. Ex recentioribus quamplurimi in hoc</Unicode>
                </TextEquiv>
            </TextLine>
            <TextLine id="r_2_1l5" custom="readingOrder {index:4;}">
                <Coords points="238,570 2201,578 2167,507 238,502"/>
                <Baseline points="251,557 347,557 444,558 541,558 638,558 735,558 832,558 929,560 1026,560 1123,560 1220,560 1316,560 1413,560 1510,560 1607,561 1704,561 1801,563 1898,563 1995,564 2092,566 2189,566"/>
                <Word id="r_2_1l5_w1" custom="readingOrder {index:0;}">
                    <Coords points="245,517 245,577 455,577 455,517"/>
                    <TextEquiv>
                        <Unicode>stadium</Unicode>
                    </TextEquiv>
                </Word>
                <Word id="r_2_1l5_w2" custom="readingOrder {index:1;}">
                    <Coords points="482,518 482,578 867,578 867,518"/>
                    <TextEquiv>
                        <Unicode>descendentes,</Unicode>
                    </TextEquiv>
                </Word>
                <Word id="r_2_1l5_w3" custom="readingOrder {index:2;}">
                    <Coords points="885,519 885,579 946,579 946,519"/>
                    <TextEquiv>
                        <Unicode>uti</Unicode>
                    </TextEquiv>
                </Word>
                <Word id="r_2_1l5_w4" custom="readingOrder {index:3;}">
                    <Coords points="955,520 955,580 1174,580 1174,520"/>
                    <TextEquiv>
                        <Unicode>studium</Unicode>
                    </TextEquiv>
                </Word>
                <Word id="r_2_1l5_w5" custom="readingOrder {index:4;}">
                    <Coords points="1192,520 1192,580 1552,580 1552,520"/>
                    <TextEquiv>
                        <Unicode>voluntatemque</Unicode>
                    </TextEquiv>
                </Word>
                <Word id="r_2_1l5_w6" custom="readingOrder {index:5;}">
                    <Coords points="1570,521 1570,581 1692,581 1692,521"/>
                    <TextEquiv>
                        <Unicode>suam</Unicode>
                    </TextEquiv>
                </Word>
                <Word id="r_2_1l5_w7" custom="readingOrder {index:6;}">
                    <Coords points="1719,523 1719,583 1946,583 1946,523"/>
                    <TextEquiv>
                        <Unicode>Reipubl,</Unicode>
                    </TextEquiv>
                </Word>
                <Word id="r_2_1l5_w8" custom="readingOrder {index:7;}">
                    <Coords points="1965,525 1965,585 2192,585 2192,525"/>
                    <TextEquiv>
                        <Unicode>compro¬</Unicode>
                    </TextEquiv>
                </Word>
                <TextEquiv>
                    <Unicode>stadium descendentes, uti studium voluntatemque suam Reipubl., compro¬</Unicode>
                </TextEquiv>
            </TextLine>
            <TextLine id="r_2_1l6" custom="readingOrder {index:5;}">
                <Coords points="232,638 2207,669 2207,598 1974,568 232,594"/>
                <Baseline points="245,635 342,635 440,634 537,633 635,633 732,633 830,633 927,633 1025,633 1122,633 1220,632 1318,633 1415,633 1513,633 1610,633 1708,635 1805,635 1903,636 2000,637 2098,638 2196,639"/>
                <Word id="r_2_1l6_w1" custom="readingOrder {index:0;}">
                    <Coords points="239,594 239,654 453,654 453,594"/>
                    <TextEquiv>
                        <Unicode>parunt,</Unicode>
                    </TextEquiv>
                </Word>
                <Word id="r_2_1l6_w2" custom="readingOrder {index:1;}">
                    <Coords points="470,593 470,653 531,653 531,593"/>
                    <TextEquiv>
                        <Unicode>ita</Unicode>
                    </TextEquiv>
                </Word>
                <Word id="r_2_1l6_w3" custom="readingOrder {index:2;}">
                    <Coords points="557,593 557,653 676,653 676,593"/>
                    <TextEquiv>
                        <Unicode>nunc</Unicode>
                    </TextEquiv>
                </Word>
                <Word id="r_2_1l6_w4" custom="readingOrder {index:3;}">
                    <Coords points="711,593 711,653 1012,653 1012,593"/>
                    <TextEquiv>
                        <Unicode>particularia</Unicode>
                    </TextEquiv>
                </Word>
                <Word id="r_2_1l6_w5" custom="readingOrder {index:4;}">
                    <Coords points="1047,592 1047,652 1390,652 1390,592"/>
                    <TextEquiv>
                        <Unicode>generalibus,</Unicode>
                    </TextEquiv>
                </Word>
                <Word id="r_2_1l6_w6" custom="readingOrder {index:5;}">
                    <Coords points="1407,593 1407,653 1537,653 1537,593"/>
                    <TextEquiv>
                        <Unicode>nunc</Unicode>
                    </TextEquiv>
                </Word>
                <Word id="r_2_1l6_w7" custom="readingOrder {index:6;}">
                    <Coords points="1571,594 1571,654 1838,654 1838,594"/>
                    <TextEquiv>
                        <Unicode>artificialia</Unicode>
                    </TextEquiv>
                </Word>
                <Word id="r_2_1l6_w8" custom="readingOrder {index:7;}">
                    <Coords points="1880,597 1880,657 2207,657 2207,597"/>
                    <TextEquiv>
                        <Unicode>naturalibus,</Unicode>
                    </TextEquiv>
                </Word>
                <TextEquiv>
                    <Unicode>parunt, ita nunc particularia generalibus, nunc artificialia naturalibus,</Unicode>
                </TextEquiv>
            </TextLine>
            <TextLine id="r_2_1l7" custom="readingOrder {index:6;}">
                <Coords points="222,721 2207,730 2146,649 1846,637 222,677"/>
                <Baseline points="234,711 332,710 430,709 528,708 626,707 724,707 822,705 920,705 1018,705 1116,704 1215,704 1313,704 1411,704 1509,704 1607,704 1705,705 1803,705 1901,705 1999,707 2097,707 2196,708"/>
                <Word id="r_2_1l7_w1" custom="readingOrder {index:0;}">
                    <Coords points="239,670 239,730 375,730 375,670"/>
                    <TextEquiv>
                        <Unicode>nunc</Unicode>
                    </TextEquiv>
                </Word>
                <Word id="r_2_1l7_w2" custom="readingOrder {index:1;}">
                    <Coords points="402,668 402,728 619,728 619,668"/>
                    <TextEquiv>
                        <Unicode>ornantia</Unicode>
                    </TextEquiv>
                </Word>
                <Word id="r_2_1l7_w3" custom="readingOrder {index:2;}">
                    <Coords points="646,665 646,725 927,725 927,665"/>
                    <TextEquiv>
                        <Unicode>curantibus</Unicode>
                    </TextEquiv>
                </Word>
                <Word id="r_2_1l7_w4" custom="readingOrder {index:3;}">
                    <Coords points="964,664 964,724 1372,724 1372,664"/>
                    <TextEquiv>
                        <Unicode>commiscentes,</Unicode>
                    </TextEquiv>
                </Word>
                <Word id="r_2_1l7_w5" custom="readingOrder {index:4;}">
                    <Coords points="1390,664 1390,724 1408,724 1408,664"/>
                    <TextEquiv>
                        <Unicode>à</Unicode>
                    </TextEquiv>
                </Word>
                <Word id="r_2_1l7_w6" custom="readingOrder {index:5;}">
                    <Coords points="1435,664 1435,724 1681,724 1681,664"/>
                    <TextEquiv>
                        <Unicode>methodo</Unicode>
                    </TextEquiv>
                </Word>
                <Word id="r_2_1l7_w7" custom="readingOrder {index:6;}">
                    <Coords points="1708,665 1708,725 1998,725 1998,665"/>
                    <TextEquiv>
                        <Unicode>exorbitasse</Unicode>
                    </TextEquiv>
                </Word>
                <Word id="r_2_1l7_w8" custom="readingOrder {index:7;}">
                    <Coords points="2025,667 2025,727 2197,727 2197,667"/>
                    <TextEquiv>
                        <Unicode>viden¬</Unicode>
                    </TextEquiv>
                </Word>
                <TextEquiv>
                    <Unicode>nunc ornantia curantibus commiscentes, à methodo exorbitasse viden¬</Unicode>
                </TextEquiv>
            </TextLine>
            <TextLine id="r_2_1l8" custom="readingOrder {index:7;}">
                <Coords points="234,809 2214,794 2175,718 234,726"/>
                <Baseline points="246,782 343,782 441,780 539,780 637,779 735,779 832,777 930,777 1028,777 1126,777 1224,776 1321,776 1419,776 1517,776 1615,776 1713,777 1810,777 1908,777 2006,779 2104,779 2202,780"/>
                <Word id="r_2_1l8_w1" custom="readingOrder {index:0;}">
                    <Coords points="241,742 241,802 348,802 348,742"/>
                    <TextEquiv>
                        <Unicode>tur.</Unicode>
                    </TextEquiv>
                </Word>
                <Word id="r_2_1l8_w2" custom="readingOrder {index:1;}">
                    <Coords points="375,740 375,800 510,800 510,740"/>
                    <TextEquiv>
                        <Unicode>Ergo</Unicode>
                    </TextEquiv>
                </Word>
                <Word id="r_2_1l8_w3" custom="readingOrder {index:2;}">
                    <Coords points="528,739 528,799 636,799 636,739"/>
                    <TextEquiv>
                        <Unicode>cùm</Unicode>
                    </TextEquiv>
                </Word>
                <Word id="r_2_1l8_w4" custom="readingOrder {index:3;}">
                    <Coords points="662,737 662,797 932,797 932,737"/>
                    <TextEquiv>
                        <Unicode>etiamnum</Unicode>
                    </TextEquiv>
                </Word>
                <Word id="r_2_1l8_w5" custom="readingOrder {index:4;}">
                    <Coords points="958,737 958,797 1003,797 1003,737"/>
                    <TextEquiv>
                        <Unicode>in</Unicode>
                    </TextEquiv>
                </Word>
                <Word id="r_2_1l8_w6" custom="readingOrder {index:5;}">
                    <Coords points="1021,737 1021,797 1191,797 1191,737"/>
                    <TextEquiv>
                        <Unicode>medio</Unicode>
                    </TextEquiv>
                </Word>
                <Word id="r_2_1l8_w7" custom="readingOrder {index:6;}">
                    <Coords points="1218,736 1218,796 1532,796 1532,736"/>
                    <TextEquiv>
                        <Unicode>Antidotaria</Unicode>
                    </TextEquiv>
                </Word>
                <Word id="r_2_1l8_w8" custom="readingOrder {index:7;}">
                    <Coords points="1560,736 1560,796 1730,796 1730,736"/>
                    <TextEquiv>
                        <Unicode>palma,</Unicode>
                    </TextEquiv>
                </Word>
                <Word id="r_2_1l8_w9" custom="readingOrder {index:8;}">
                    <Coords points="1748,737 1748,797 1793,797 1793,737"/>
                    <TextEquiv>
                        <Unicode>ut</Unicode>
                    </TextEquiv>
                </Word>
                <Word id="r_2_1l8_w10" custom="readingOrder {index:9;}">
                    <Coords points="1810,737 1810,797 1864,797 1864,737"/>
                    <TextEquiv>
                        <Unicode>ita</Unicode>
                    </TextEquiv>
                </Word>
                <Word id="r_2_1l8_w11" custom="readingOrder {index:10;}">
                    <Coords points="1882,738 1882,798 2071,798 2071,738"/>
                    <TextEquiv>
                        <Unicode>loquar,</Unicode>
                    </TextEquiv>
                </Word>
                <Word id="r_2_1l8_w12" custom="readingOrder {index:11;}">
                    <Coords points="2089,739 2089,799 2196,799 2196,739"/>
                    <TextEquiv>
                        <Unicode>pro¬</Unicode>
                    </TextEquiv>
                </Word>
                <TextEquiv>
                    <Unicode>tur. Ergo cùm etiamnum in medio Antidotaria palma, ut ita loquar, pro¬</Unicode>
                </TextEquiv>
            </TextLine>
            <TextLine id="r_2_1l9" custom="readingOrder {index:8;}">
                <Coords points="244,888 2180,876 2200,790 244,807"/>
                <Baseline points="257,852 353,852 450,852 546,851 643,851 739,851 836,849 932,849 1029,849 1125,848 1222,848 1318,848 1415,848 1511,848 1608,848 1704,848 1801,848 1897,849 1994,850 2090,851 2187,852"/>
                <Word id="r_2_1l9_w1" custom="readingOrder {index:0;}">
                    <Coords points="251,812 251,872 402,872 402,812"/>
                    <TextEquiv>
                        <Unicode>posita</Unicode>
                    </TextEquiv>
                </Word>
                <Word id="r_2_1l9_w2" custom="readingOrder {index:1;}">
                    <Coords points="429,811 429,871 572,871 572,811"/>
                    <TextEquiv>
                        <Unicode>esset,</Unicode>
                    </TextEquiv>
                </Word>
                <Word id="r_2_1l9_w3" custom="readingOrder {index:2;}">
                    <Coords points="580,811 580,871 642,871 642,811"/>
                    <TextEquiv>
                        <Unicode>cum</Unicode>
                    </TextEquiv>
                </Word>
                <Word id="r_2_1l9_w4" custom="readingOrder {index:3;}">
                    <Coords points="660,810 660,870 865,870 865,810"/>
                    <TextEquiv>
                        <Unicode>Medicis</Unicode>
                    </TextEquiv>
                </Word>
                <Word id="r_2_1l9_w5" custom="readingOrder {index:4;}">
                    <Coords points="892,808 892,868 1301,868 1301,808"/>
                    <TextEquiv>
                        <Unicode>praestantissimis,</Unicode>
                    </TextEquiv>
                </Word>
                <Word id="r_2_1l9_w6" custom="readingOrder {index:5;}">
                    <Coords points="1310,808 1310,868 1550,868 1550,808"/>
                    <TextEquiv>
                        <Unicode>iisdemque</Unicode>
                    </TextEquiv>
                </Word>
                <Word id="r_2_1l9_w7" custom="readingOrder {index:6;}">
                    <Coords points="1568,808 1568,868 1746,868 1746,808"/>
                    <TextEquiv>
                        <Unicode>civibus</Unicode>
                    </TextEquiv>
                </Word>
                <Word id="r_2_1l9_w8" custom="readingOrder {index:7;}">
                    <Coords points="1773,808 1773,868 1817,868 1817,808"/>
                    <TextEquiv>
                        <Unicode>&amp;</Unicode>
                    </TextEquiv>
                </Word>
                <Word id="r_2_1l9_w9" custom="readingOrder {index:8;}">
                    <Coords points="1835,809 1835,869 2031,869 2031,809"/>
                    <TextEquiv>
                        <Unicode>collegis</Unicode>
                    </TextEquiv>
                </Word>
                <Word id="r_2_1l9_w10" custom="readingOrder {index:9;}">
                    <Coords points="2058,811 2058,871 2191,871 2191,811"/>
                    <TextEquiv>
                        <Unicode>meis,</Unicode>
                    </TextEquiv>
                </Word>
                <TextEquiv>
                    <Unicode>posita esset, cum Medicis praestantissimis, iisdemque civibus &amp; collegis meis,</Unicode>
                </TextEquiv>
            </TextLine>
            <TextLine id="r_2_1l10" custom="readingOrder {index:9;}">
                <Coords points="230,954 2002,948 2200,931 2200,874 230,895"/>
                <Baseline points="242,926 339,924 436,924 533,923 631,923 728,923 825,921 922,921 1020,920 1117,920 1214,920 1311,918 1409,918 1506,918 1603,918 1700,920 1798,920 1895,920 1992,921 2089,923 2187,924"/>
                <Word id="r_2_1l10_w1" custom="readingOrder {index:0;}">
                    <Coords points="245,884 245,944 446,944 446,884"/>
                    <TextEquiv>
                        <Unicode>consilio</Unicode>
                    </TextEquiv>
                </Word>
                <Word id="r_2_1l10_w2" custom="readingOrder {index:1;}">
                    <Coords points="481,883 481,943 885,943 885,883"/>
                    <TextEquiv>
                        <Unicode>communicato,</Unicode>
                    </TextEquiv>
                </Word>
                <Word id="r_2_1l10_w3" custom="readingOrder {index:2;}">
                    <Coords points="902,880 902,940 995,940 995,880"/>
                    <TextEquiv>
                        <Unicode>hoc</Unicode>
                    </TextEquiv>
                </Word>
                <Word id="r_2_1l10_w4" custom="readingOrder {index:3;}">
                    <Coords points="1020,880 1020,940 1282,940 1282,880"/>
                    <TextEquiv>
                        <Unicode>geminum</Unicode>
                    </TextEquiv>
                </Word>
                <Word id="r_2_1l10_w5" custom="readingOrder {index:4;}">
                    <Coords points="1315,878 1315,938 1686,938 1686,878"/>
                    <TextEquiv>
                        <Unicode>Antidotarium</Unicode>
                    </TextEquiv>
                </Word>
                <Word id="r_2_1l10_w6" custom="readingOrder {index:5;}">
                    <Coords points="1712,880 1712,940 1880,940 1880,880"/>
                    <TextEquiv>
                        <Unicode>magno</Unicode>
                    </TextEquiv>
                </Word>
                <Word id="r_2_1l10_w7" custom="readingOrder {index:6;}">
                    <Coords points="1905,880 1905,940 2066,940 2066,880"/>
                    <TextEquiv>
                        <Unicode>animo</Unicode>
                    </TextEquiv>
                </Word>
                <Word id="r_2_1l10_w8" custom="readingOrder {index:7;}">
                    <Coords points="2091,883 2091,943 2183,943 2183,883"/>
                    <TextEquiv>
                        <Unicode>sum</Unicode>
                    </TextEquiv>
                </Word>
                <TextEquiv>
                    <Unicode>consilio communicato, hoc geminum Antidotarium magno animo sum</Unicode>
                </TextEquiv>
            </TextLine>
            <TextLine id="r_2_1l11" custom="readingOrder {index:10;}">
                <Coords points="230,1033 2205,1020 2075,927 230,954"/>
                <Baseline points="242,996 339,995 437,995 534,993 632,993 729,993 827,992 924,992 1022,990 1119,990 1217,990 1315,990 1412,990 1510,990 1607,990 1705,990 1802,990 1900,992 1997,992 2095,993 2193,995"/>
                <Word id="r_2_1l11_w1" custom="readingOrder {index:0;}">
                    <Coords points="246,955 246,1015 513,1015 513,955"/>
                    <TextEquiv>
                        <Unicode>aggressus,</Unicode>
                    </TextEquiv>
                </Word>
                <Word id="r_2_1l11_w2" custom="readingOrder {index:1;}">
                    <Coords points="522,953 522,1013 629,1013 629,953"/>
                    <TextEquiv>
                        <Unicode>idque</Unicode>
                    </TextEquiv>
                </Word>
                <Word id="r_2_1l11_w3" custom="readingOrder {index:2;}">
                    <Coords points="638,953 638,1013 798,1013 798,953"/>
                    <TextEquiv>
                        <Unicode>divino</Unicode>
                    </TextEquiv>
                </Word>
                <Word id="r_2_1l11_w4" custom="readingOrder {index:3;}">
                    <Coords points="825,952 825,1012 1002,1012 1002,952"/>
                    <TextEquiv>
                        <Unicode>auxilio</Unicode>
                    </TextEquiv>
                </Word>
                <Word id="r_2_1l11_w5" custom="readingOrder {index:4;}">
                    <Coords points="1020,950 1020,1010 1075,1010 1075,950"/>
                    <TextEquiv>
                        <Unicode>ad</Unicode>
                    </TextEquiv>
                </Word>
                <Word id="r_2_1l11_w6" custom="readingOrder {index:5;}">
                    <Coords points="1092,950 1092,1010 1243,1010 1243,950"/>
                    <TextEquiv>
                        <Unicode>finem</Unicode>
                    </TextEquiv>
                </Word>
                <Word id="r_2_1l11_w7" custom="readingOrder {index:6;}">
                    <Coords points="1261,950 1261,1010 1493,1010 1493,950"/>
                    <TextEquiv>
                        <Unicode>perduxi.</Unicode>
                    </TextEquiv>
                </Word>
                <Word id="r_2_1l11_w8" custom="readingOrder {index:7;}">
                    <Coords points="1528,950 1528,1010 1599,1010 1599,950"/>
                    <TextEquiv>
                        <Unicode>De</Unicode>
                    </TextEquiv>
                </Word>
                <Word id="r_2_1l11_w9" custom="readingOrder {index:8;}">
                    <Coords points="1626,950 1626,1010 1751,1010 1751,950"/>
                    <TextEquiv>
                        <Unicode>cujus</Unicode>
                    </TextEquiv>
                </Word>
                <Word id="r_2_1l11_w10" custom="readingOrder {index:9;}">
                    <Coords points="1778,951 1778,1011 2018,1011 2018,951"/>
                    <TextEquiv>
                        <Unicode>methodo</Unicode>
                    </TextEquiv>
                </Word>
                <Word id="r_2_1l11_w11" custom="readingOrder {index:10;}">
                    <Coords points="2045,952 2045,1012 2071,1012 2071,952"/>
                    <TextEquiv>
                        <Unicode>si</Unicode>
                    </TextEquiv>
                </Word>
                <Word id="r_2_1l11_w12" custom="readingOrder {index:11;}">
                    <Coords points="2089,953 2089,1013 2196,1013 2196,953"/>
                    <TextEquiv>
                        <Unicode>for¬</Unicode>
                    </TextEquiv>
                </Word>
                <TextEquiv>
                    <Unicode>aggressus, idque divino auxilio ad finem perduxi. De cujus methodo si for¬</Unicode>
                </TextEquiv>
            </TextLine>
            <TextLine id="r_2_1l12" custom="readingOrder {index:11;}">
                <Coords points="239,1084 2197,1102 2197,1023 2023,997 239,1025"/>
                <Baseline points="251,1068 347,1068 444,1068 540,1067 637,1067 734,1065 830,1065 927,1064 1024,1064 1120,1062 1217,1062 1314,1062 1410,1062 1507,1062 1604,1062 1700,1062 1797,1064 1894,1065 1990,1067 2087,1068 2184,1070"/>
                <Word id="r_2_1l12_w1" custom="readingOrder {index:0;}">
                    <Coords points="245,1028 245,1088 288,1088 288,1028"/>
                    <TextEquiv>
                        <Unicode>te</Unicode>
                    </TextEquiv>
                </Word>
                <Word id="r_2_1l12_w2" custom="readingOrder {index:1;}">
                    <Coords points="313,1028 313,1088 509,1088 509,1028"/>
                    <TextEquiv>
                        <Unicode>quaeras,</Unicode>
                    </TextEquiv>
                </Word>
                <Word id="r_2_1l12_w3" custom="readingOrder {index:2;}">
                    <Coords points="527,1026 527,1086 842,1086 842,1026"/>
                    <TextEquiv>
                        <Unicode>respondeo,</Unicode>
                    </TextEquiv>
                </Word>
                <Word id="r_2_1l12_w4" custom="readingOrder {index:3;}">
                    <Coords points="859,1024 859,1084 1124,1084 1124,1024"/>
                    <TextEquiv>
                        <Unicode>observâsse</Unicode>
                    </TextEquiv>
                </Word>
                <Word id="r_2_1l12_w5" custom="readingOrder {index:4;}">
                    <Coords points="1149,1022 1149,1082 1217,1082 1217,1022"/>
                    <TextEquiv>
                        <Unicode>me</Unicode>
                    </TextEquiv>
                </Word>
                <Word id="r_2_1l12_w6" custom="readingOrder {index:5;}">
                    <Coords points="1234,1022 1234,1082 1285,1082 1285,1022"/>
                    <TextEquiv>
                        <Unicode>in</Unicode>
                    </TextEquiv>
                </Word>
                <Word id="r_2_1l12_w7" custom="readingOrder {index:6;}">
                    <Coords points="1293,1022 1293,1082 1422,1082 1422,1022"/>
                    <TextEquiv>
                        <Unicode>tanta</Unicode>
                    </TextEquiv>
                </Word>
                <Word id="r_2_1l12_w8" custom="readingOrder {index:7;}">
                    <Coords points="1447,1022 1447,1082 1925,1082 1925,1022"/>
                    <TextEquiv>
                        <Unicode>medicamentorum</Unicode>
                    </TextEquiv>
                </Word>
                <Word id="r_2_1l12_w9" custom="readingOrder {index:8;}">
                    <Coords points="1951,1027 1951,1087 2188,1087 2188,1027"/>
                    <TextEquiv>
                        <Unicode>varietate,</Unicode>
                    </TextEquiv>
                </Word>
                <TextEquiv>
                    <Unicode>te quaeras, respondeo, observâsse me in tanta medicamentorum varietate,</Unicode>
                </TextEquiv>
            </TextLine>
            <TextLine id="r_2_1l13" custom="readingOrder {index:12;}">
                <Coords points="225,1163 2205,1167 2158,1096 1947,1075 225,1084"/>
                <Baseline points="236,1140 333,1140 431,1139 529,1139 627,1137 725,1137 823,1136 920,1136 1018,1134 1116,1134 1214,1133 1312,1133 1410,1133 1508,1133 1605,1133 1703,1133 1801,1134 1899,1136 1997,1137 2095,1140 2193,1142"/>
                <Word id="r_2_1l13_w1" custom="readingOrder {index:0;}">
                    <Coords points="241,1100 241,1160 302,1160 302,1100"/>
                    <TextEquiv>
                        <Unicode>id</Unicode>
                    </TextEquiv>
                </Word>
                <Word id="r_2_1l13_w2" custom="readingOrder {index:1;}">
                    <Coords points="320,1099 320,1159 452,1159 452,1099"/>
                    <TextEquiv>
                        <Unicode>quod</Unicode>
                    </TextEquiv>
                </Word>
                <Word id="r_2_1l13_w3" custom="readingOrder {index:2;}">
                    <Coords points="478,1099 478,1159 522,1159 522,1099"/>
                    <TextEquiv>
                        <Unicode>in</Unicode>
                    </TextEquiv>
                </Word>
                <Word id="r_2_1l13_w4" custom="readingOrder {index:3;}">
                    <Coords points="540,1097 540,1157 637,1157 637,1097"/>
                    <TextEquiv>
                        <Unicode>aliis</Unicode>
                    </TextEquiv>
                </Word>
                <Word id="r_2_1l13_w5" custom="readingOrder {index:4;}">
                    <Coords points="655,1096 655,1156 840,1156 840,1096"/>
                    <TextEquiv>
                        <Unicode>artibus</Unicode>
                    </TextEquiv>
                </Word>
                <Word id="r_2_1l13_w6" custom="readingOrder {index:5;}">
                    <Coords points="866,1096 866,1156 910,1156 910,1096"/>
                    <TextEquiv>
                        <Unicode>&amp;</Unicode>
                    </TextEquiv>
                </Word>
                <Word id="r_2_1l13_w7" custom="readingOrder {index:6;}">
                    <Coords points="927,1094 927,1154 1140,1154 1140,1094"/>
                    <TextEquiv>
                        <Unicode>scientiis</Unicode>
                    </TextEquiv>
                </Word>
                <Word id="r_2_1l13_w8" custom="readingOrder {index:7;}">
                    <Coords points="1166,1093 1166,1153 1403,1153 1403,1093"/>
                    <TextEquiv>
                        <Unicode>omnibus</Unicode>
                    </TextEquiv>
                </Word>
                <Word id="r_2_1l13_w9" custom="readingOrder {index:8;}">
                    <Coords points="1430,1093 1430,1153 1765,1153 1765,1093"/>
                    <TextEquiv>
                        <Unicode>sapientissimi</Unicode>
                    </TextEquiv>
                </Word>
                <Word id="r_2_1l13_w10" custom="readingOrder {index:9;}">
                    <Coords points="1791,1095 1791,1155 1932,1155 1932,1095"/>
                    <TextEquiv>
                        <Unicode>quique</Unicode>
                    </TextEquiv>
                </Word>
                <Word id="r_2_1l13_w11" custom="readingOrder {index:10;}">
                    <Coords points="1950,1099 1950,1159 2196,1159 2196,1099"/>
                    <TextEquiv>
                        <Unicode>viderunt,</Unicode>
                    </TextEquiv>
                </Word>
                <TextEquiv>
                    <Unicode>id quod in aliis artibus &amp; scientiis omnibus sapientissimi quique viderunt,</Unicode>
                </TextEquiv>
            </TextLine>
            <TextLine id="r_2_1l14" custom="readingOrder {index:13;}">
                <Coords points="223,1212 2208,1233 2208,1166 2063,1145 223,1170"/>
                <Baseline points="236,1214 339,1212 442,1211 545,1209 648,1208 751,1208 854,1206 957,1205 1060,1205 1163,1205 1267,1205 1370,1203 1473,1205 1576,1205 1679,1205 1782,1206 1885,1206 1988,1208 2091,1209 2195,1212"/>
                <Word id="r_2_1l14_w1" custom="readingOrder {index:0;}">
                    <Coords points="238,1173 238,1233 288,1233 288,1173"/>
                    <TextEquiv>
                        <Unicode>&amp;</Unicode>
                    </TextEquiv>
                </Word>
                <Word id="r_2_1l14_w2" custom="readingOrder {index:1;}">
                    <Coords points="313,1170 313,1230 660,1230 660,1170"/>
                    <TextEquiv>
                        <Unicode>observarunt:</Unicode>
                    </TextEquiv>
                </Word>
                <Word id="r_2_1l14_w3" custom="readingOrder {index:2;}">
                    <Coords points="686,1167 686,1227 897,1227 897,1167"/>
                    <TextEquiv>
                        <Unicode>nempe,</Unicode>
                    </TextEquiv>
                </Word>
                <Word id="r_2_1l14_w4" custom="readingOrder {index:3;}">
                    <Coords points="914,1165 914,1225 1117,1225 1117,1165"/>
                    <TextEquiv>
                        <Unicode>omnem</Unicode>
                    </TextEquiv>
                </Word>
                <Word id="r_2_1l14_w5" custom="readingOrder {index:4;}">
                    <Coords points="1143,1164 1143,1224 1422,1224 1422,1164"/>
                    <TextEquiv>
                        <Unicode>legitimam</Unicode>
                    </TextEquiv>
                </Word>
                <Word id="r_2_1l14_w6" custom="readingOrder {index:5;}">
                    <Coords points="1447,1165 1447,1225 1676,1225 1676,1165"/>
                    <TextEquiv>
                        <Unicode>docendi</Unicode>
                    </TextEquiv>
                </Word>
                <Word id="r_2_1l14_w7" custom="readingOrder {index:6;}">
                    <Coords points="1710,1166 1710,1226 1955,1226 1955,1166"/>
                    <TextEquiv>
                        <Unicode>rationem</Unicode>
                    </TextEquiv>
                </Word>
                <Word id="r_2_1l14_w8" custom="readingOrder {index:7;}">
                    <Coords points="1980,1168 1980,1228 2191,1228 2191,1168"/>
                    <TextEquiv>
                        <Unicode>constare</Unicode>
                    </TextEquiv>
                </Word>
                <TextEquiv>
                    <Unicode>&amp; observarunt: nempe, omnem legitimam docendi rationem constare</Unicode>
                </TextEquiv>
            </TextLine>
            <TextLine id="r_2_1l15" custom="readingOrder {index:14;}">
                <Coords points="239,1305 2195,1303 2195,1237 1998,1215 239,1224"/>
                <Baseline points="251,1284 347,1283 444,1283 540,1281 637,1280 734,1280 830,1278 927,1278 1023,1278 1120,1277 1217,1277 1313,1277 1410,1277 1506,1277 1603,1277 1700,1277 1796,1278 1893,1280 1989,1281 2086,1283 2183,1284"/>
                <Word id="r_2_1l15_w1" custom="readingOrder {index:0;}">
                    <Coords points="254,1243 254,1303 418,1303 418,1243"/>
                    <TextEquiv>
                        <Unicode>partim</Unicode>
                    </TextEquiv>
                </Word>
                <Word id="r_2_1l15_w2" custom="readingOrder {index:1;}">
                    <Coords points="445,1240 445,1300 782,1300 782,1240"/>
                    <TextEquiv>
                        <Unicode>universalibus</Unicode>
                    </TextEquiv>
                </Word>
                <Word id="r_2_1l15_w3" custom="readingOrder {index:2;}">
                    <Coords points="817,1238 817,1298 1095,1298 1095,1238"/>
                    <TextEquiv>
                        <Unicode>praeceptis,</Unicode>
                    </TextEquiv>
                </Word>
                <Word id="r_2_1l15_w4" custom="readingOrder {index:3;}">
                    <Coords points="1112,1237 1112,1297 1285,1297 1285,1237"/>
                    <TextEquiv>
                        <Unicode>partim</Unicode>
                    </TextEquiv>
                </Word>
                <Word id="r_2_1l15_w5" custom="readingOrder {index:4;}">
                    <Coords points="1320,1237 1320,1297 1554,1297 1554,1237"/>
                    <TextEquiv>
                        <Unicode>exemplis</Unicode>
                    </TextEquiv>
                </Word>
                <Word id="r_2_1l15_w6" custom="readingOrder {index:5;}">
                    <Coords points="1580,1237 1580,1297 1978,1297 1978,1237"/>
                    <TextEquiv>
                        <Unicode>particularibus.</Unicode>
                    </TextEquiv>
                </Word>
                <Word id="r_2_1l15_w7" custom="readingOrder {index:6;}">
                    <Coords points="2004,1243 2004,1303 2186,1303 2186,1243"/>
                    <TextEquiv>
                        <Unicode>Itaque</Unicode>
                    </TextEquiv>
                </Word>
                <TextEquiv>
                    <Unicode>partim universalibus praeceptis, partim exemplis particularibus. Itaque</Unicode>
                </TextEquiv>
            </TextLine>
            <TextLine id="r_2_1l16" custom="readingOrder {index:15;}">
                <Coords points="226,1364 2194,1370 2140,1294 226,1295"/>
                <Baseline points="237,1356 334,1355 431,1353 528,1353 625,1352 723,1352 820,1350 917,1350 1014,1349 1111,1349 1209,1349 1306,1349 1403,1349 1500,1349 1597,1349 1695,1349 1792,1349 1889,1350 1986,1350 2083,1352 2181,1353"/>
                <Word id="r_2_1l16_w1" custom="readingOrder {index:0;}">
                    <Coords points="241,1315 241,1375 319,1375 319,1315"/>
                    <TextEquiv>
                        <Unicode>hic</Unicode>
                    </TextEquiv>
                </Word>
                <Word id="r_2_1l16_w2" custom="readingOrder {index:1;}">
                    <Coords points="345,1313 345,1373 502,1373 502,1313"/>
                    <TextEquiv>
                        <Unicode>quoque</Unicode>
                    </TextEquiv>
                </Word>
                <Word id="r_2_1l16_w3" custom="readingOrder {index:2;}">
                    <Coords points="510,1312 510,1372 727,1372 727,1312"/>
                    <TextEquiv>
                        <Unicode>geminas</Unicode>
                    </TextEquiv>
                </Word>
                <Word id="r_2_1l16_w4" custom="readingOrder {index:3;}">
                    <Coords points="753,1310 753,1370 988,1370 988,1310"/>
                    <TextEquiv>
                        <Unicode>oportere</Unicode>
                    </TextEquiv>
                </Word>
                <Word id="r_2_1l16_w5" custom="readingOrder {index:4;}">
                    <Coords points="1014,1309 1014,1369 1187,1369 1187,1309"/>
                    <TextEquiv>
                        <Unicode>Operis</Unicode>
                    </TextEquiv>
                </Word>
                <Word id="r_2_1l16_w6" custom="readingOrder {index:5;}">
                    <Coords points="1205,1309 1205,1369 1353,1369 1353,1309"/>
                    <TextEquiv>
                        <Unicode>nostri</Unicode>
                    </TextEquiv>
                </Word>
                <Word id="r_2_1l16_w7" custom="readingOrder {index:6;}">
                    <Coords points="1378,1309 1378,1369 1525,1369 1525,1309"/>
                    <TextEquiv>
                        <Unicode>partes</Unicode>
                    </TextEquiv>
                </Word>
                <Word id="r_2_1l16_w8" custom="readingOrder {index:7;}">
                    <Coords points="1552,1309 1552,1369 1873,1369 1873,1309"/>
                    <TextEquiv>
                        <Unicode>constituere.</Unicode>
                    </TextEquiv>
                </Word>
                <Word id="r_2_1l16_w9" custom="readingOrder {index:8;}">
                    <Coords points="1890,1310 1890,1370 2056,1370 2056,1310"/>
                    <TextEquiv>
                        <Unicode>Unam</Unicode>
                    </TextEquiv>
                </Word>
                <Word id="r_2_1l16_w10" custom="readingOrder {index:9;}">
                    <Coords points="2073,1312 2073,1372 2185,1372 2185,1312"/>
                    <TextEquiv>
                        <Unicode>uni¬</Unicode>
                    </TextEquiv>
                </Word>
                <TextEquiv>
                    <Unicode>hic quoque geminas oportere Operis nostri partes constituere. Unam uni¬</Unicode>
                </TextEquiv>
            </TextLine>
            <TextLine id="r_2_1l17" custom="readingOrder {index:16;}">
                <Coords points="231,1449 2108,1450 2186,1374 230,1368"/>
                <Baseline points="242,1430 338,1428 435,1427 531,1425 628,1424 725,1422 821,1422 918,1421 1015,1421 1111,1421 1208,1421 1305,1419 1401,1419 1498,1419 1595,1421 1691,1421 1788,1421 1885,1421 1981,1421 2078,1421 2175,1422"/>
                <Word id="r_2_1l17_w1" custom="readingOrder {index:0;}">
                    <Coords points="236,1387 236,1447 489,1447 489,1387"/>
                    <TextEquiv>
                        <Unicode>versalem,</Unicode>
                    </TextEquiv>
                </Word>
                <Word id="r_2_1l17_w2" custom="readingOrder {index:1;}">
                    <Coords points="507,1384 507,1444 607,1444 607,1384"/>
                    <TextEquiv>
                        <Unicode>quae</Unicode>
                    </TextEquiv>
                </Word>
                <Word id="r_2_1l17_w3" custom="readingOrder {index:2;}">
                    <Coords points="624,1382 624,1442 827,1442 827,1382"/>
                    <TextEquiv>
                        <Unicode>versetur</Unicode>
                    </TextEquiv>
                </Word>
                <Word id="r_2_1l17_w4" custom="readingOrder {index:3;}">
                    <Coords points="852,1381 852,1441 971,1441 971,1381"/>
                    <TextEquiv>
                        <Unicode>circa</Unicode>
                    </TextEquiv>
                </Word>
                <Word id="r_2_1l17_w5" custom="readingOrder {index:4;}">
                    <Coords points="996,1381 996,1441 1216,1441 1216,1381"/>
                    <TextEquiv>
                        <Unicode>pręcepta</Unicode>
                    </TextEquiv>
                </Word>
                <Word id="r_2_1l17_w6" custom="readingOrder {index:5;}">
                    <Coords points="1241,1379 1241,1439 1528,1439 1528,1379"/>
                    <TextEquiv>
                        <Unicode>universalia.</Unicode>
                    </TextEquiv>
                </Word>
                <Word id="r_2_1l17_w7" custom="readingOrder {index:6;}">
                    <Coords points="1545,1381 1545,1441 1755,1441 1755,1381"/>
                    <TextEquiv>
                        <Unicode>Primùm</Unicode>
                    </TextEquiv>
                </Word>
                <Word id="r_2_1l17_w8" custom="readingOrder {index:7;}">
                    <Coords points="1782,1381 1782,1441 1984,1441 1984,1381"/>
                    <TextEquiv>
                        <Unicode>quidem</Unicode>
                    </TextEquiv>
                </Word>
                <Word id="r_2_1l17_w9" custom="readingOrder {index:8;}">
                    <Coords points="2001,1381 2001,1441 2060,1441 2060,1381"/>
                    <TextEquiv>
                        <Unicode>de</Unicode>
                    </TextEquiv>
                </Word>
                <Word id="r_2_1l17_w10" custom="readingOrder {index:9;}">
                    <Coords points="2085,1381 2085,1441 2196,1441 2196,1381"/>
                    <TextEquiv>
                        <Unicode>Me¬</Unicode>
                    </TextEquiv>
                </Word>
                <TextEquiv>
                    <Unicode>versalem, quae versetur circa pręcepta universalia. Primùm quidem de Me¬</Unicode>
                </TextEquiv>
            </TextLine>
            <TextLine id="r_2_1l18" custom="readingOrder {index:17;}">
                <Coords points="227,1526 2090,1517 2193,1512 2193,1441 227,1450"/>
                <Baseline points="239,1499 336,1497 433,1496 530,1494 627,1494 724,1493 821,1493 918,1491 1015,1491 1112,1491 1210,1491 1307,1490 1404,1491 1501,1491 1598,1491 1695,1491 1792,1493 1889,1494 1986,1494 2083,1496 2181,1497"/>
                <Word id="r_2_1l18_w1" custom="readingOrder {index:0;}">
                    <Coords points="241,1455 241,1515 649,1515 649,1455"/>
                    <TextEquiv>
                        <Unicode>dicamentorum</Unicode>
                    </TextEquiv>
                </Word>
                <Word id="r_2_1l18_w2" custom="readingOrder {index:1;}">
                    <Coords points="665,1453 665,1513 922,1513 922,1453"/>
                    <TextEquiv>
                        <Unicode>communi</Unicode>
                    </TextEquiv>
                </Word>
                <Word id="r_2_1l18_w3" custom="readingOrder {index:2;}">
                    <Coords points="939,1451 939,1511 1155,1511 1155,1451"/>
                    <TextEquiv>
                        <Unicode>materia,</Unicode>
                    </TextEquiv>
                </Word>
                <Word id="r_2_1l18_w4" custom="readingOrder {index:3;}">
                    <Coords points="1171,1450 1171,1510 1304,1510 1304,1450"/>
                    <TextEquiv>
                        <Unicode>variis</Unicode>
                    </TextEquiv>
                </Word>
                <Word id="r_2_1l18_w5" custom="readingOrder {index:4;}">
                    <Coords points="1329,1451 1329,1511 1504,1511 1504,1451"/>
                    <TextEquiv>
                        <Unicode>formis</Unicode>
                    </TextEquiv>
                </Word>
                <Word id="r_2_1l18_w6" custom="readingOrder {index:5;}">
                    <Coords points="1521,1451 1521,1511 1812,1511 1812,1451"/>
                    <TextEquiv>
                        <Unicode>modisque,</Unicode>
                    </TextEquiv>
                </Word>
                <Word id="r_2_1l18_w7" custom="readingOrder {index:6;}">
                    <Coords points="1836,1454 1836,1514 2011,1514 2011,1454"/>
                    <TextEquiv>
                        <Unicode>quibus</Unicode>
                    </TextEquiv>
                </Word>
                <Word id="r_2_1l18_w8" custom="readingOrder {index:7;}">
                    <Coords points="2035,1456 2035,1516 2185,1516 2185,1456"/>
                    <TextEquiv>
                        <Unicode>extali</Unicode>
                    </TextEquiv>
                </Word>
                <TextEquiv>
                    <Unicode>dicamentorum communi materia, variis formis modisque, quibus extali</Unicode>
                </TextEquiv>
            </TextLine>
            <TextLine id="r_2_1l19" custom="readingOrder {index:18;}">
                <Coords points="228,1577 2021,1600 2191,1568 2191,1511 228,1526"/>
                <Baseline points="240,1571 336,1569 433,1568 530,1566 627,1565 724,1565 821,1563 918,1563 1015,1563 1112,1563 1209,1563 1305,1563 1402,1563 1499,1565 1596,1565 1693,1565 1790,1565 1887,1565 1984,1565 2081,1565 2178,1565"/>
                <Word id="r_2_1l19_w1" custom="readingOrder {index:0;}">
                    <Coords points="243,1528 243,1588 435,1588 435,1528"/>
                    <TextEquiv>
                        <Unicode>materia</Unicode>
                    </TextEquiv>
                </Word>
                <Word id="r_2_1l19_w2" custom="readingOrder {index:1;}">
                    <Coords points="469,1525 469,1585 789,1585 789,1525"/>
                    <TextEquiv>
                        <Unicode>praeparantur</Unicode>
                    </TextEquiv>
                </Word>
                <Word id="r_2_1l19_w3" custom="readingOrder {index:2;}">
                    <Coords points="814,1523 814,1583 1183,1583 1183,1523"/>
                    <TextEquiv>
                        <Unicode>exhibenturque,</Unicode>
                    </TextEquiv>
                </Word>
                <Word id="r_2_1l19_w4" custom="readingOrder {index:3;}">
                    <Coords points="1208,1523 1208,1583 1377,1583 1377,1523"/>
                    <TextEquiv>
                        <Unicode>Aquae,</Unicode>
                    </TextEquiv>
                </Word>
                <Word id="r_2_1l19_w5" custom="readingOrder {index:4;}">
                    <Coords points="1385,1524 1385,1584 1578,1584 1578,1524"/>
                    <TextEquiv>
                        <Unicode>Syrupi,</Unicode>
                    </TextEquiv>
                </Word>
                <Word id="r_2_1l19_w6" custom="readingOrder {index:5;}">
                    <Coords points="1595,1525 1595,1585 1788,1585 1788,1525"/>
                    <TextEquiv>
                        <Unicode>Julapia,</Unicode>
                    </TextEquiv>
                </Word>
                <Word id="r_2_1l19_w7" custom="readingOrder {index:6;}">
                    <Coords points="1797,1525 1797,1585 2032,1585 2032,1525"/>
                    <TextEquiv>
                        <Unicode>Decocta,</Unicode>
                    </TextEquiv>
                </Word>
                <Word id="r_2_1l19_w8" custom="readingOrder {index:7;}">
                    <Coords points="2049,1525 2049,1585 2174,1585 2174,1525"/>
                    <TextEquiv>
                        <Unicode>Infu¬</Unicode>
                    </TextEquiv>
                </Word>
                <TextEquiv>
                    <Unicode>materia praeparantur exhibenturque, Aquae, Syrupi, Julapia, Decocta, Infu¬</Unicode>
                </TextEquiv>
            </TextLine>
            <TextLine id="r_2_1l20" custom="readingOrder {index:19;}">
                <Coords points="221,1661 2194,1662 2194,1596 2057,1576 221,1597"/>
                <Baseline points="234,1641 331,1640 428,1638 526,1637 623,1635 720,1635 818,1635 915,1634 1012,1634 1110,1634 1207,1635 1304,1635 1402,1635 1499,1635 1596,1635 1694,1635 1791,1635 1888,1635 1986,1635 2083,1634 2181,1634"/>
                <Word id="r_2_1l20_w1" custom="readingOrder {index:0;}">
                    <Coords points="237,1600 237,1660 424,1660 424,1600"/>
                    <TextEquiv>
                        <Unicode>siones,</Unicode>
                    </TextEquiv>
                </Word>
                <Word id="r_2_1l20_w2" custom="readingOrder {index:1;}">
                    <Coords points="442,1596 442,1656 702,1656 702,1596"/>
                    <TextEquiv>
                        <Unicode>Clysteres,</Unicode>
                    </TextEquiv>
                </Word>
                <Word id="r_2_1l20_w3" custom="readingOrder {index:2;}">
                    <Coords points="719,1594 719,1654 1086,1654 1086,1594"/>
                    <TextEquiv>
                        <Unicode>Gargarismata,</Unicode>
                    </TextEquiv>
                </Word>
                <Word id="r_2_1l20_w4" custom="readingOrder {index:3;}">
                    <Coords points="1104,1595 1104,1655 1327,1655 1327,1595"/>
                    <TextEquiv>
                        <Unicode>Errhina,</Unicode>
                    </TextEquiv>
                </Word>
                <Word id="r_2_1l20_w5" custom="readingOrder {index:4;}">
                    <Coords points="1344,1595 1344,1655 1676,1655 1676,1595"/>
                    <TextEquiv>
                        <Unicode>Epithemata,</Unicode>
                    </TextEquiv>
                </Word>
                <Word id="r_2_1l20_w6" custom="readingOrder {index:5;}">
                    <Coords points="1694,1595 1694,1655 1953,1655 1953,1595"/>
                    <TextEquiv>
                        <Unicode>Fomenta,</Unicode>
                    </TextEquiv>
                </Word>
                <Word id="r_2_1l20_w7" custom="readingOrder {index:6;}">
                    <Coords points="1971,1594 1971,1654 2185,1654 2185,1594"/>
                    <TextEquiv>
                        <Unicode>Embro¬</Unicode>
                    </TextEquiv>
                </Word>
                <TextEquiv>
                    <Unicode>siones, Clysteres, Gargarismata, Errhina, Epithemata, Fomenta, Embro¬</Unicode>
                </TextEquiv>
            </TextLine>
            <TextLine id="r_2_1l21" custom="readingOrder {index:20;}">
                <Coords points="221,1723 2191,1725 2115,1646 221,1661"/>
                <Baseline points="233,1709 330,1709 427,1709 524,1707 622,1707 719,1707 816,1707 913,1706 1011,1706 1108,1706 1205,1706 1302,1706 1400,1706 1497,1706 1594,1706 1691,1706 1789,1707 1886,1707 1983,1709 2080,1709 2178,1710"/>
                <Word id="r_2_1l21_w1" custom="readingOrder {index:0;}">
                    <Coords points="236,1669 236,1729 349,1729 349,1669"/>
                    <TextEquiv>
                        <Unicode>chae,</Unicode>
                    </TextEquiv>
                </Word>
                <Word id="r_2_1l21_w2" custom="readingOrder {index:1;}">
                    <Coords points="366,1667 366,1727 662,1727 662,1667"/>
                    <TextEquiv>
                        <Unicode>Insessiones,</Unicode>
                    </TextEquiv>
                </Word>
                <Word id="r_2_1l21_w3" custom="readingOrder {index:2;}">
                    <Coords points="679,1667 679,1727 862,1727 862,1667"/>
                    <TextEquiv>
                        <Unicode>Balnea,</Unicode>
                    </TextEquiv>
                </Word>
                <Word id="r_2_1l21_w4" custom="readingOrder {index:3;}">
                    <Coords points="870,1666 870,1726 1010,1726 1010,1666"/>
                    <TextEquiv>
                        <Unicode>Olea,</Unicode>
                    </TextEquiv>
                </Word>
                <Word id="r_2_1l21_w5" custom="readingOrder {index:4;}">
                    <Coords points="1027,1666 1027,1726 1244,1726 1244,1666"/>
                    <TextEquiv>
                        <Unicode>Species,</Unicode>
                    </TextEquiv>
                </Word>
                <Word id="r_2_1l21_w6" custom="readingOrder {index:5;}">
                    <Coords points="1252,1666 1252,1726 1566,1726 1566,1666"/>
                    <TextEquiv>
                        <Unicode>Dragemata,</Unicode>
                    </TextEquiv>
                </Word>
                <Word id="r_2_1l21_w7" custom="readingOrder {index:6;}">
                    <Coords points="1583,1666 1583,1726 1861,1726 1861,1666"/>
                    <TextEquiv>
                        <Unicode>Electuaria,</Unicode>
                    </TextEquiv>
                </Word>
                <Word id="r_2_1l21_w8" custom="readingOrder {index:7;}">
                    <Coords points="1879,1668 1879,1728 2070,1728 2070,1668"/>
                    <TextEquiv>
                        <Unicode>Opiata,</Unicode>
                    </TextEquiv>
                </Word>
                <Word id="r_2_1l21_w9" custom="readingOrder {index:8;}">
                    <Coords points="2087,1669 2087,1729 2191,1729 2191,1669"/>
                    <TextEquiv>
                        <Unicode>Con¬</Unicode>
                    </TextEquiv>
                </Word>
                <TextEquiv>
                    <Unicode>chae, Insessiones, Balnea, Olea, Species, Dragemata, Electuaria, Opiata, Con¬</Unicode>
                </TextEquiv>
            </TextLine>
            <TextLine id="r_2_1l22" custom="readingOrder {index:21;}">
                <Coords points="228,1798 2184,1818 2184,1722 228,1727"/>
                <Baseline points="240,1784 336,1782 433,1782 529,1781 626,1779 723,1779 819,1778 916,1778 1012,1776 1109,1776 1206,1776 1302,1776 1399,1776 1495,1776 1592,1776 1689,1776 1785,1778 1882,1779 1978,1779 2075,1781 2172,1782"/>
                <Word id="r_2_1l22_w1" custom="readingOrder {index:0;}">
                    <Coords points="234,1742 234,1802 408,1802 408,1742"/>
                    <TextEquiv>
                        <Unicode>servae,</Unicode>
                    </TextEquiv>
                </Word>
                <Word id="r_2_1l22_w2" custom="readingOrder {index:1;}">
                    <Coords points="425,1740 425,1800 665,1800 665,1740"/>
                    <TextEquiv>
                        <Unicode>Condita,</Unicode>
                    </TextEquiv>
                </Word>
                <Word id="r_2_1l22_w3" custom="readingOrder {index:2;}">
                    <Coords points="682,1738 682,1798 990,1798 990,1738"/>
                    <TextEquiv>
                        <Unicode>Eclegmata,</Unicode>
                    </TextEquiv>
                </Word>
                <Word id="r_2_1l22_w4" custom="readingOrder {index:3;}">
                    <Coords points="1006,1736 1006,1796 1246,1796 1246,1736"/>
                    <TextEquiv>
                        <Unicode>Extracta,</Unicode>
                    </TextEquiv>
                </Word>
                <Word id="r_2_1l22_w5" custom="readingOrder {index:4;}">
                    <Coords points="1263,1736 1263,1796 1570,1796 1570,1736"/>
                    <TextEquiv>
                        <Unicode>Linimenta,</Unicode>
                    </TextEquiv>
                </Word>
                <Word id="r_2_1l22_w6" custom="readingOrder {index:5;}">
                    <Coords points="1587,1736 1587,1796 1885,1796 1885,1736"/>
                    <TextEquiv>
                        <Unicode>Unguenta;</Unicode>
                    </TextEquiv>
                </Word>
                <Word id="r_2_1l22_w7" custom="readingOrder {index:6;}">
                    <Coords points="1903,1740 1903,1800 2184,1800 2184,1740"/>
                    <TextEquiv>
                        <Unicode>Emplastra,</Unicode>
                    </TextEquiv>
                </Word>
                <TextEquiv>
                    <Unicode>servae, Condita, Eclegmata, Extracta, Linimenta, Unguenta; Emplastra,</Unicode>
                </TextEquiv>
            </TextLine>
            <TextLine id="r_2_1l23" custom="readingOrder {index:22;}">
                <Coords points="230,1865 2186,1862 2088,1791 230,1798"/>
                <Baseline points="242,1854 338,1853 435,1852 531,1851 628,1850 725,1850 821,1848 918,1848 1014,1848 1111,1848 1208,1847 1304,1847 1401,1847 1497,1847 1594,1847 1691,1848 1787,1848 1884,1850 1980,1850 2077,1851 2174,1853"/>
                <Word id="r_2_1l23_w1" custom="readingOrder {index:0;}">
                    <Coords points="237,1812 237,1872 619,1872 619,1812"/>
                    <TextEquiv>
                        <Unicode>Cataplasmata,</Unicode>
                    </TextEquiv>
                </Word>
                <Word id="r_2_1l23_w2" custom="readingOrder {index:1;}">
                    <Coords points="636,1809 636,1869 828,1869 828,1809"/>
                    <TextEquiv>
                        <Unicode>Cerata,</Unicode>
                    </TextEquiv>
                </Word>
                <Word id="r_2_1l23_w3" custom="readingOrder {index:2;}">
                    <Coords points="846,1808 846,1868 1142,1868 1142,1808"/>
                    <TextEquiv>
                        <Unicode>Dropaces,</Unicode>
                    </TextEquiv>
                </Word>
                <Word id="r_2_1l23_w4" custom="readingOrder {index:3;}">
                    <Coords points="1159,1807 1159,1867 1463,1867 1463,1807"/>
                    <TextEquiv>
                        <Unicode>Synapismi,</Unicode>
                    </TextEquiv>
                </Word>
                <Word id="r_2_1l23_w5" custom="readingOrder {index:4;}">
                    <Coords points="1481,1807 1481,1867 1699,1867 1699,1807"/>
                    <TextEquiv>
                        <Unicode>Tabulae,</Unicode>
                    </TextEquiv>
                </Word>
                <Word id="r_2_1l23_w6" custom="readingOrder {index:5;}">
                    <Coords points="1716,1809 1716,1869 1995,1869 1995,1809"/>
                    <TextEquiv>
                        <Unicode>Trochisci,</Unicode>
                    </TextEquiv>
                </Word>
                <Word id="r_2_1l23_w7" custom="readingOrder {index:6;}">
                    <Coords points="2012,1811 2012,1871 2186,1871 2186,1811"/>
                    <TextEquiv>
                        <Unicode>Colly¬</Unicode>
                    </TextEquiv>
                </Word>
                <TextEquiv>
                    <Unicode>Cataplasmata, Cerata, Dropaces, Synapismi, Tabulae, Trochisci, Colly¬</Unicode>
                </TextEquiv>
            </TextLine>
            <TextLine id="r_2_1l24" custom="readingOrder {index:23;}">
                <Coords points="222,1943 1974,1959 2185,1939 2185,1870 222,1874"/>
                <Baseline points="234,1926 330,1925 427,1923 524,1922 621,1920 718,1920 815,1919 912,1919 1009,1919 1106,1917 1203,1917 1299,1917 1396,1917 1493,1919 1590,1919 1687,1919 1784,1920 1881,1920 1978,1922 2075,1923 2172,1925"/>
                <Word id="r_2_1l24_w1" custom="readingOrder {index:0;}">
                    <Coords points="229,1885 229,1945 318,1945 318,1885"/>
                    <TextEquiv>
                        <Unicode>ria,</Unicode>
                    </TextEquiv>
                </Word>
                <Word id="r_2_1l24_w2" custom="readingOrder {index:1;}">
                    <Coords points="336,1880 336,1940 827,1940 827,1880"/>
                    <TextEquiv>
                        <Unicode>Apophlegmatismi,</Unicode>
                    </TextEquiv>
                </Word>
                <Word id="r_2_1l24_w3" custom="readingOrder {index:2;}">
                    <Coords points="845,1879 845,1939 1077,1939 1077,1879"/>
                    <TextEquiv>
                        <Unicode>Glandes,</Unicode>
                    </TextEquiv>
                </Word>
                <Word id="r_2_1l24_w4" custom="readingOrder {index:3;}">
                    <Coords points="1086,1877 1086,1937 1220,1937 1220,1877"/>
                    <TextEquiv>
                        <Unicode>Pessi,</Unicode>
                    </TextEquiv>
                </Word>
                <Word id="r_2_1l24_w5" custom="readingOrder {index:4;}">
                    <Coords points="1238,1877 1238,1937 1435,1937 1435,1877"/>
                    <TextEquiv>
                        <Unicode>Sacculi,</Unicode>
                    </TextEquiv>
                </Word>
                <Word id="r_2_1l24_w6" custom="readingOrder {index:5;}">
                    <Coords points="1444,1878 1444,1938 1488,1938 1488,1878"/>
                    <TextEquiv>
                        <Unicode>&amp;</Unicode>
                    </TextEquiv>
                </Word>
                <Word id="r_2_1l24_w7" custom="readingOrder {index:6;}">
                    <Coords points="1506,1879 1506,1939 1801,1939 1801,1879"/>
                    <TextEquiv>
                        <Unicode>quaecunque</Unicode>
                    </TextEquiv>
                </Word>
                <Word id="r_2_1l24_w8" custom="readingOrder {index:7;}">
                    <Coords points="1828,1880 1828,1940 1961,1940 1961,1880"/>
                    <TextEquiv>
                        <Unicode>hujus</Unicode>
                    </TextEquiv>
                </Word>
                <Word id="r_2_1l24_w9" custom="readingOrder {index:8;}">
                    <Coords points="1989,1883 1989,1943 2176,1943 2176,1883"/>
                    <TextEquiv>
                        <Unicode>generis</Unicode>
                    </TextEquiv>
                </Word>
                <TextEquiv>
                    <Unicode>ria, Apophlegmatismi, Glandes, Pessi, Sacculi, &amp; quaecunque hujus generis</Unicode>
                </TextEquiv>
            </TextLine>
            <TextLine id="r_2_1l25" custom="readingOrder {index:24;}">
                <Coords points="226,2012 2179,2000 2128,1936 226,1936"/>
                <Baseline points="237,1995 333,1995 429,1994 526,1993 622,1992 719,1992 815,1991 912,1991 1008,1991 1105,1989 1201,1989 1297,1989 1394,1989 1490,1991 1587,1991 1683,1991 1780,1992 1876,1992 1973,1994 2069,1995 2166,1997"/>
                <Word id="r_2_1l25_w1" custom="readingOrder {index:0;}">
                    <Coords points="231,1955 231,2015 332,2015 332,1955"/>
                    <TextEquiv>
                        <Unicode>sunt</Unicode>
                    </TextEquiv>
                </Word>
                <Word id="r_2_1l25_w2" custom="readingOrder {index:1;}">
                    <Coords points="355,1954 355,2014 457,2014 457,1954"/>
                    <TextEquiv>
                        <Unicode>aliae</Unicode>
                    </TextEquiv>
                </Word>
                <Word id="r_2_1l25_w3" custom="readingOrder {index:2;}">
                    <Coords points="472,1952 472,2012 956,2012 956,1952"/>
                    <TextEquiv>
                        <Unicode>medicamentorum</Unicode>
                    </TextEquiv>
                </Word>
                <Word id="r_2_1l25_w4" custom="readingOrder {index:3;}">
                    <Coords points="972,1949 972,2009 1167,2009 1167,1949"/>
                    <TextEquiv>
                        <Unicode>formae.</Unicode>
                    </TextEquiv>
                </Word>
                <Word id="r_2_1l25_w5" custom="readingOrder {index:4;}">
                    <Coords points="1182,1949 1182,2009 1416,2009 1416,1949"/>
                    <TextEquiv>
                        <Unicode>Secundò</Unicode>
                    </TextEquiv>
                </Word>
                <Word id="r_2_1l25_w6" custom="readingOrder {index:5;}">
                    <Coords points="1439,1950 1439,2010 1494,2010 1494,1950"/>
                    <TextEquiv>
                        <Unicode>de</Unicode>
                    </TextEquiv>
                </Word>
                <Word id="r_2_1l25_w7" custom="readingOrder {index:6;}">
                    <Coords points="1518,1951 1518,2011 2009,2011 2009,1951"/>
                    <TextEquiv>
                        <Unicode>Medicamentorum</Unicode>
                    </TextEquiv>
                </Word>
                <Word id="r_2_1l25_w8" custom="readingOrder {index:7;}">
                    <Coords points="2025,1955 2025,2015 2180,2015 2180,1955"/>
                    <TextEquiv>
                        <Unicode>quali¬</Unicode>
                    </TextEquiv>
                </Word>
                <TextEquiv>
                    <Unicode>sunt aliae medicamentorum formae. Secundò de Medicamentorum quali¬</Unicode>
                </TextEquiv>
            </TextLine>
            <TextLine id="r_2_1l26" custom="readingOrder {index:25;}">
                <Coords points="211,2095 2108,2098 2184,1999 211,2024"/>
                <Baseline points="224,2066 321,2066 418,2066 516,2064 613,2064 711,2064 808,2064 905,2063 1003,2063 1100,2063 1198,2061 1295,2061 1392,2061 1490,2061 1587,2061 1685,2063 1782,2063 1879,2064 1977,2066 2074,2067 2172,2069"/>
                <Word id="r_2_1l26_w1" custom="readingOrder {index:0;}">
                    <Coords points="226,2026 226,2086 405,2086 405,2026"/>
                    <TextEquiv>
                        <Unicode>tatibus</Unicode>
                    </TextEquiv>
                </Word>
                <Word id="r_2_1l26_w2" custom="readingOrder {index:1;}">
                    <Coords points="431,2024 431,2084 611,2084 611,2024"/>
                    <TextEquiv>
                        <Unicode>primis,</Unicode>
                    </TextEquiv>
                </Word>
                <Word id="r_2_1l26_w3" custom="readingOrder {index:2;}">
                    <Coords points="628,2024 628,2084 893,2084 893,2024"/>
                    <TextEquiv>
                        <Unicode>eorumque</Unicode>
                    </TextEquiv>
                </Word>
                <Word id="r_2_1l26_w4" custom="readingOrder {index:3;}">
                    <Coords points="918,2023 918,2083 1124,2083 1124,2023"/>
                    <TextEquiv>
                        <Unicode>quatuor</Unicode>
                    </TextEquiv>
                </Word>
                <Word id="r_2_1l26_w5" custom="readingOrder {index:4;}">
                    <Coords points="1150,2021 1150,2081 1423,2081 1423,2021"/>
                    <TextEquiv>
                        <Unicode>ordinibus:</Unicode>
                    </TextEquiv>
                </Word>
                <Word id="r_2_1l26_w6" custom="readingOrder {index:5;}">
                    <Coords points="1449,2021 1449,2081 1672,2081 1672,2021"/>
                    <TextEquiv>
                        <Unicode>praeterea</Unicode>
                    </TextEquiv>
                </Word>
                <Word id="r_2_1l26_w7" custom="readingOrder {index:6;}">
                    <Coords points="1697,2023 1697,2083 1748,2083 1748,2023"/>
                    <TextEquiv>
                        <Unicode>de</Unicode>
                    </TextEquiv>
                </Word>
                <Word id="r_2_1l26_w8" custom="readingOrder {index:7;}">
                    <Coords points="1774,2025 1774,2085 2082,2085 2082,2025"/>
                    <TextEquiv>
                        <Unicode>qualitatibus</Unicode>
                    </TextEquiv>
                </Word>
                <Word id="r_2_1l26_w9" custom="readingOrder {index:8;}">
                    <Coords points="2107,2028 2107,2088 2175,2088 2175,2028"/>
                    <TextEquiv>
                        <Unicode>se¬</Unicode>
                    </TextEquiv>
                </Word>
                <TextEquiv>
                    <Unicode>tatibus primis, eorumque quatuor ordinibus: praeterea de qualitatibus se¬</Unicode>
                </TextEquiv>
            </TextLine>
            <TextLine id="r_2_1l27" custom="readingOrder {index:26;}">
                <Coords points="211,2157 2177,2152 2152,2071 211,2096"/>
                <Baseline points="224,2139 321,2138 418,2138 515,2136 612,2136 709,2135 806,2135 903,2135 1000,2133 1097,2133 1194,2133 1291,2133 1388,2133 1485,2133 1582,2133 1679,2135 1776,2135 1873,2136 1970,2138 2067,2139 2165,2141"/>
                <Word id="r_2_1l27_w1" custom="readingOrder {index:0;}">
                    <Coords points="226,2098 226,2158 426,2158 426,2098"/>
                    <TextEquiv>
                        <Unicode>cundis,</Unicode>
                    </TextEquiv>
                </Word>
                <Word id="r_2_1l27_w2" custom="readingOrder {index:1;}">
                    <Coords points="443,2096 443,2156 781,2156 781,2096"/>
                    <TextEquiv>
                        <Unicode>Emollientib.</Unicode>
                    </TextEquiv>
                </Word>
                <Word id="r_2_1l27_w3" custom="readingOrder {index:2;}">
                    <Coords points="799,2095 799,2155 998,2155 998,2095"/>
                    <TextEquiv>
                        <Unicode>scilicet,</Unicode>
                    </TextEquiv>
                </Word>
                <Word id="r_2_1l27_w4" custom="readingOrder {index:3;}">
                    <Coords points="1007,2093 1007,2153 1379,2153 1379,2093"/>
                    <TextEquiv>
                        <Unicode>Indurantibus,</Unicode>
                    </TextEquiv>
                </Word>
                <Word id="r_2_1l27_w5" custom="readingOrder {index:4;}">
                    <Coords points="1397,2093 1397,2153 1848,2153 1848,2093"/>
                    <TextEquiv>
                        <Unicode>Rarefacientibus,</Unicode>
                    </TextEquiv>
                </Word>
                <Word id="r_2_1l27_w6" custom="readingOrder {index:5;}">
                    <Coords points="1865,2098 1865,2158 2177,2158 2177,2098"/>
                    <TextEquiv>
                        <Unicode>Attrahenti¬</Unicode>
                    </TextEquiv>
                </Word>
                <TextEquiv>
                    <Unicode>cundis, Emollientibus scilicet, Indurantibus, Rarefacientibus, Attrahenti¬</Unicode>
                </TextEquiv>
            </TextLine>
            <TextLine id="r_2_1l28" custom="readingOrder {index:27;}">
                <Coords points="211,2243 2076,2245 2181,2231 2181,2150 211,2157"/>
                <Baseline points="224,2208 321,2208 418,2208 515,2208 612,2207 710,2207 807,2207 904,2207 1001,2205 1098,2205 1196,2205 1293,2205 1390,2205 1487,2205 1584,2205 1682,2205 1779,2207 1876,2207 1973,2208 2070,2210 2168,2211"/>
                <Word id="r_2_1l28_w1" custom="readingOrder {index:0;}">
                    <Coords points="226,2168 226,2228 356,2228 356,2168"/>
                    <TextEquiv>
                        <Unicode>bus,</Unicode>
                    </TextEquiv>
                </Word>
                <Word id="r_2_1l28_w2" custom="readingOrder {index:1;}">
                    <Coords points="365,2167 365,2227 782,2227 782,2167"/>
                    <TextEquiv>
                        <Unicode>Repellentibus,</Unicode>
                    </TextEquiv>
                </Word>
                <Word id="r_2_1l28_w3" custom="readingOrder {index:2;}">
                    <Coords points="791,2165 791,2225 1156,2225 1156,2165"/>
                    <TextEquiv>
                        <Unicode>Purgantibus,</Unicode>
                    </TextEquiv>
                </Word>
                <Word id="r_2_1l28_w4" custom="readingOrder {index:3;}">
                    <Coords points="1173,2165 1173,2225 1547,2225 1547,2165"/>
                    <TextEquiv>
                        <Unicode>Adurentibus,</Unicode>
                    </TextEquiv>
                </Word>
                <Word id="r_2_1l28_w5" custom="readingOrder {index:4;}">
                    <Coords points="1564,2165 1564,2225 1607,2225 1607,2165"/>
                    <TextEquiv>
                        <Unicode>&amp;</Unicode>
                    </TextEquiv>
                </Word>
                <Word id="r_2_1l28_w6" custom="readingOrder {index:5;}">
                    <Coords points="1633,2165 1633,2225 1729,2225 1729,2165"/>
                    <TextEquiv>
                        <Unicode>ejus</Unicode>
                    </TextEquiv>
                </Word>
                <Word id="r_2_1l28_w7" custom="readingOrder {index:6;}">
                    <Coords points="1755,2167 1755,2227 1946,2227 1946,2167"/>
                    <TextEquiv>
                        <Unicode>generis</Unicode>
                    </TextEquiv>
                </Word>
                <Word id="r_2_1l28_w8" custom="readingOrder {index:7;}">
                    <Coords points="1972,2170 1972,2230 2172,2230 2172,2170"/>
                    <TextEquiv>
                        <Unicode>reliquis</Unicode>
                    </TextEquiv>
                </Word>
                <TextEquiv>
                    <Unicode>bus, Repellentibus, Purgantibus, Adurentibus, &amp; ejus generis reliquis</Unicode>
                </TextEquiv>
            </TextLine>
            <TextLine id="r_2_1l29" custom="readingOrder {index:28;}">
                <Coords points="212,2292 2099,2316 2177,2303 2177,2230 212,2243"/>
                <Baseline points="225,2280 322,2280 419,2279 516,2279 613,2279 710,2279 807,2277 904,2277 1001,2277 1098,2276 1195,2276 1292,2276 1389,2276 1486,2276 1583,2277 1680,2277 1777,2279 1874,2279 1971,2281 2068,2283 2166,2285"/>
                <Word id="r_2_1l29_w1" custom="readingOrder {index:0;}">
                    <Coords points="226,2239 226,2299 483,2299 483,2239"/>
                    <TextEquiv>
                        <Unicode>omnibus.</Unicode>
                    </TextEquiv>
                </Word>
                <Word id="r_2_1l29_w2" custom="readingOrder {index:1;}">
                    <Coords points="499,2238 499,2298 935,2298 935,2238"/>
                    <TextEquiv>
                        <Unicode>Quemadmodum</Unicode>
                    </TextEquiv>
                </Word>
                <Word id="r_2_1l29_w3" custom="readingOrder {index:2;}">
                    <Coords points="951,2236 951,2296 1097,2296 1097,2236"/>
                    <TextEquiv>
                        <Unicode>etiam</Unicode>
                    </TextEquiv>
                </Word>
                <Word id="r_2_1l29_w4" custom="readingOrder {index:3;}">
                    <Coords points="1113,2236 1113,2296 1282,2296 1282,2236"/>
                    <TextEquiv>
                        <Unicode>tertiò,</Unicode>
                    </TextEquiv>
                </Word>
                <Word id="r_2_1l29_w5" custom="readingOrder {index:4;}">
                    <Coords points="1290,2236 1290,2296 1346,2296 1346,2236"/>
                    <TextEquiv>
                        <Unicode>de</Unicode>
                    </TextEquiv>
                </Word>
                <Word id="r_2_1l29_w6" custom="readingOrder {index:5;}">
                    <Coords points="1371,2236 1371,2296 1500,2296 1500,2236"/>
                    <TextEquiv>
                        <Unicode>variis</Unicode>
                    </TextEquiv>
                </Word>
                <Word id="r_2_1l29_w7" custom="readingOrder {index:6;}">
                    <Coords points="1525,2237 1525,2297 1694,2297 1694,2237"/>
                    <TextEquiv>
                        <Unicode>officiis</Unicode>
                    </TextEquiv>
                </Word>
                <Word id="r_2_1l29_w8" custom="readingOrder {index:7;}">
                    <Coords points="1718,2238 1718,2298 1750,2298 1750,2238"/>
                    <TextEquiv>
                        <Unicode>&amp;</Unicode>
                    </TextEquiv>
                </Word>
                <Word id="r_2_1l29_w9" custom="readingOrder {index:8;}">
                    <Coords points="1774,2239 1774,2299 2065,2299 2065,2239"/>
                    <TextEquiv>
                        <Unicode>actionibus,</Unicode>
                    </TextEquiv>
                </Word>
                <Word id="r_2_1l29_w10" custom="readingOrder {index:9;}">
                    <Coords points="2081,2244 2081,2304 2169,2304 2169,2244"/>
                    <TextEquiv>
                        <Unicode>tàm</Unicode>
                    </TextEquiv>
                </Word>
                <TextEquiv>
                    <Unicode>omnibus. Quemadmodum etiam tertiò, de variis officiis &amp; actionibus, tàm</Unicode>
                </TextEquiv>
            </TextLine>
            <TextLine id="r_2_1l30" custom="readingOrder {index:29;}">
                <Coords points="209,2365 2177,2380 2130,2304 1848,2291 209,2294"/>
                <Baseline points="222,2348 319,2349 416,2351 513,2351 610,2351 707,2351 804,2349 902,2349 999,2349 1096,2348 1193,2348 1290,2346 1387,2346 1484,2346 1582,2346 1679,2346 1776,2348 1873,2349 1970,2351 2067,2353 2165,2355"/>
                <Word id="r_2_1l30_w1" custom="readingOrder {index:0;}">
                    <Coords points="215,2309 215,2369 457,2369 457,2309"/>
                    <TextEquiv>
                        <Unicode>Medico,</Unicode>
                    </TextEquiv>
                </Word>
                <Word id="r_2_1l30_w2" custom="readingOrder {index:1;}">
                    <Coords points="473,2311 473,2371 615,2371 615,2311"/>
                    <TextEquiv>
                        <Unicode>quàm</Unicode>
                    </TextEquiv>
                </Word>
                <Word id="r_2_1l30_w3" custom="readingOrder {index:2;}">
                    <Coords points="633,2309 633,2369 1033,2369 1033,2309"/>
                    <TextEquiv>
                        <Unicode>Pharmacopoeo</Unicode>
                    </TextEquiv>
                </Word>
                <Word id="r_2_1l30_w4" custom="readingOrder {index:3;}">
                    <Coords points="1059,2307 1059,2367 1351,2367 1351,2307"/>
                    <TextEquiv>
                        <Unicode>necessariis,</Unicode>
                    </TextEquiv>
                </Word>
                <Word id="r_2_1l30_w5" custom="readingOrder {index:4;}">
                    <Coords points="1368,2306 1368,2366 1660,2366 1660,2306"/>
                    <TextEquiv>
                        <Unicode>Insolatione</Unicode>
                    </TextEquiv>
                </Word>
                <Word id="r_2_1l30_w6" custom="readingOrder {index:5;}">
                    <Coords points="1685,2310 1685,2370 2169,2370 2169,2310"/>
                    <TextEquiv>
                        <Unicode>medicamentorum</Unicode>
                    </TextEquiv>
                </Word>
                <TextEquiv>
                    <Unicode>Medico, quàm Pharmacopoeo necessariis, Insolatione medicamentorum</Unicode>
                </TextEquiv>
            </TextLine>
            <TextLine id="r_2_1l31" custom="readingOrder {index:30;}">
                <Coords points="218,2441 2169,2454 2169,2380 2076,2361 218,2370"/>
                <Baseline points="231,2420 327,2421 423,2421 519,2421 616,2421 712,2421 808,2420 904,2420 1001,2418 1097,2417 1193,2417 1289,2415 1386,2415 1482,2415 1578,2415 1674,2415 1771,2417 1867,2418 1963,2421 2059,2423 2156,2427"/>
                <Word id="r_2_1l31_w1" custom="readingOrder {index:0;}">
                    <Coords points="225,2381 225,2441 433,2441 433,2381"/>
                    <TextEquiv>
                        <Unicode>scilicet,</Unicode>
                    </TextEquiv>
                </Word>
                <Word id="r_2_1l31_w2" custom="readingOrder {index:1;}">
                    <Coords points="450,2381 450,2441 788,2441 788,2381"/>
                    <TextEquiv>
                        <Unicode>Extractione,</Unicode>
                    </TextEquiv>
                </Word>
                <Word id="r_2_1l31_w3" custom="readingOrder {index:2;}">
                    <Coords points="807,2379 807,2439 1075,2439 1075,2379"/>
                    <TextEquiv>
                        <Unicode>Infusione,</Unicode>
                    </TextEquiv>
                </Word>
                <Word id="r_2_1l31_w4" custom="readingOrder {index:3;}">
                    <Coords points="1093,2375 1093,2435 1414,2435 1414,2375"/>
                    <TextEquiv>
                        <Unicode>Mollitione,</Unicode>
                    </TextEquiv>
                </Word>
                <Word id="r_2_1l31_w5" custom="readingOrder {index:4;}">
                    <Coords points="1440,2375 1440,2435 1796,2435 1796,2375"/>
                    <TextEquiv>
                        <Unicode>Dissolutione,</Unicode>
                    </TextEquiv>
                </Word>
                <Word id="r_2_1l31_w6" custom="readingOrder {index:5;}">
                    <Coords points="1814,2381 1814,2441 2169,2441 2169,2381"/>
                    <TextEquiv>
                        <Unicode>Exsiccantione,</Unicode>
                    </TextEquiv>
                </Word>
                <TextEquiv>
                    <Unicode>scilicet, Extractione, Infusione, Mollitione, Dissolutione, Exsiccantione,</Unicode>
                </TextEquiv>
            </TextLine>
            <TextLine id="r_2_1l32" custom="readingOrder {index:31;}">
                <Coords points="212,2507 2177,2520 2177,2451 1995,2432 212,2434"/>
                <Baseline points="224,2492 321,2492 418,2493 515,2493 612,2493 709,2492 806,2492 903,2491 1000,2490 1097,2490 1195,2489 1292,2489 1389,2489 1486,2487 1583,2487 1680,2489 1777,2489 1874,2490 1971,2492 2068,2493 2166,2495"/>
                <Word id="r_2_1l32_w1" custom="readingOrder {index:0;}">
                    <Coords points="227,2452 227,2512 521,2512 521,2452"/>
                    <TextEquiv>
                        <Unicode>Assatione,</Unicode>
                    </TextEquiv>
                </Word>
                <Word id="r_2_1l32_w2" custom="readingOrder {index:1;}">
                    <Coords points="546,2452 546,2512 781,2512 781,2452"/>
                    <TextEquiv>
                        <Unicode>Ustione,</Unicode>
                    </TextEquiv>
                </Word>
                <Word id="r_2_1l32_w3" custom="readingOrder {index:2;}">
                    <Coords points="798,2450 798,2510 1160,2510 1160,2450"/>
                    <TextEquiv>
                        <Unicode>Coloratione,</Unicode>
                    </TextEquiv>
                </Word>
                <Word id="r_2_1l32_w4" custom="readingOrder {index:3;}">
                    <Coords points="1185,2448 1185,2508 1639,2508 1639,2448"/>
                    <TextEquiv>
                        <Unicode>Aromatixatione,</Unicode>
                    </TextEquiv>
                </Word>
                <Word id="r_2_1l32_w5" custom="readingOrder {index:4;}">
                    <Coords points="1664,2449 1664,2509 1967,2509 1967,2449"/>
                    <TextEquiv>
                        <Unicode>Conditura,</Unicode>
                    </TextEquiv>
                </Word>
                <Word id="r_2_1l32_w6" custom="readingOrder {index:5;}">
                    <Coords points="1992,2453 1992,2513 2169,2513 2169,2453"/>
                    <TextEquiv>
                        <Unicode>Lotio¬</Unicode>
                    </TextEquiv>
                </Word>
                <TextEquiv>
                    <Unicode>Assatione, Ustione, Coloratione, Aromatixatione, Conditura, Lotio¬</Unicode>
                </TextEquiv>
            </TextLine>
            <TextLine id="r_2_1l33" custom="readingOrder {index:32;}">
                <Coords points="214,2579 2172,2601 2172,2517 2091,2507 214,2520"/>
                <Baseline points="227,2565 323,2564 420,2564 516,2562 613,2562 710,2562 806,2561 903,2561 999,2561 1096,2559 1193,2559 1289,2559 1386,2559 1482,2559 1579,2559 1676,2561 1772,2561 1869,2562 1965,2564 2062,2565 2159,2567"/>
                <Word id="r_2_1l33_w1" custom="readingOrder {index:0;}">
                    <Coords points="221,2524 221,2584 311,2584 311,2524"/>
                    <TextEquiv>
                        <Unicode>ne,</Unicode>
                    </TextEquiv>
                </Word>
                <Word id="r_2_1l33_w2" custom="readingOrder {index:1;}">
                    <Coords points="329,2522 329,2582 663,2582 663,2522"/>
                    <TextEquiv>
                        <Unicode>Expressione,</Unicode>
                    </TextEquiv>
                </Word>
                <Word id="r_2_1l33_w3" custom="readingOrder {index:2;}">
                    <Coords points="681,2521 681,2581 1061,2581 1061,2521"/>
                    <TextEquiv>
                        <Unicode>Putrefactione,</Unicode>
                    </TextEquiv>
                </Word>
                <Word id="r_2_1l33_w4" custom="readingOrder {index:3;}">
                    <Coords points="1079,2519 1079,2579 1431,2579 1431,2519"/>
                    <TextEquiv>
                        <Unicode>Distillatione,</Unicode>
                    </TextEquiv>
                </Word>
                <Word id="r_2_1l33_w5" custom="readingOrder {index:4;}">
                    <Coords points="1441,2519 1441,2579 1603,2579 1603,2519"/>
                    <TextEquiv>
                        <Unicode>aliisque</Unicode>
                    </TextEquiv>
                </Word>
                <Word id="r_2_1l33_w6" custom="readingOrder {index:5;}">
                    <Coords points="1621,2521 1621,2581 1775,2581 1775,2521"/>
                    <TextEquiv>
                        <Unicode>omnis</Unicode>
                    </TextEquiv>
                </Word>
                <Word id="r_2_1l33_w7" custom="readingOrder {index:6;}">
                    <Coords points="1793,2522 1793,2582 1983,2582 1983,2522"/>
                    <TextEquiv>
                        <Unicode>generis</Unicode>
                    </TextEquiv>
                </Word>
                <Word id="r_2_1l33_w8" custom="readingOrder {index:7;}">
                    <Coords points="2010,2525 2010,2585 2162,2585 2162,2525"/>
                    <TextEquiv>
                        <Unicode>omni¬</Unicode>
                    </TextEquiv>
                </Word>
                <TextEquiv>
                    <Unicode>ne, Expressione, Putrefactione, Distillatione, aliisque omnis generis omni¬</Unicode>
                </TextEquiv>
            </TextLine>
            <TextLine id="r_2_1l34" custom="readingOrder {index:33;}">
                <Coords points="216,2663 2169,2650 1985,2573 216,2579"/>
                <Baseline points="227,2636 323,2634 420,2634 516,2633 613,2633 709,2632 806,2631 902,2631 999,2631 1095,2630 1192,2630 1288,2630 1385,2630 1481,2631 1578,2631 1674,2632 1771,2633 1867,2634 1964,2636 2060,2637 2157,2639"/>
                <Word id="r_2_1l34_w1" custom="readingOrder {index:0;}">
                    <Coords points="222,2594 222,2654 346,2654 346,2594"/>
                    <TextEquiv>
                        <Unicode>bus.</Unicode>
                    </TextEquiv>
                </Word>
                <Word id="r_2_1l34_w2" custom="readingOrder {index:1;}">
                    <Coords points="370,2593 370,2653 487,2653 487,2593"/>
                    <TextEquiv>
                        <Unicode>Eam</Unicode>
                    </TextEquiv>
                </Word>
                <Word id="r_2_1l34_w3" custom="readingOrder {index:2;}">
                    <Coords points="512,2593 512,2653 661,2653 661,2593"/>
                    <TextEquiv>
                        <Unicode>ipsam</Unicode>
                    </TextEquiv>
                </Word>
                <Word id="r_2_1l34_w4" custom="readingOrder {index:3;}">
                    <Coords points="694,2591 694,2651 811,2651 811,2591"/>
                    <TextEquiv>
                        <Unicode>ergo</Unicode>
                    </TextEquiv>
                </Word>
                <Word id="r_2_1l34_w5" custom="readingOrder {index:4;}">
                    <Coords points="835,2591 835,2651 1010,2651 1010,2591"/>
                    <TextEquiv>
                        <Unicode>Operis</Unicode>
                    </TextEquiv>
                </Word>
                <Word id="r_2_1l34_w6" custom="readingOrder {index:5;}">
                    <Coords points="1034,2590 1034,2650 1183,2650 1183,2590"/>
                    <TextEquiv>
                        <Unicode>nostri</Unicode>
                    </TextEquiv>
                </Word>
                <Word id="r_2_1l34_w7" custom="readingOrder {index:6;}">
                    <Coords points="1208,2590 1208,2650 1416,2650 1416,2590"/>
                    <TextEquiv>
                        <Unicode>partem,</Unicode>
                    </TextEquiv>
                </Word>
                <Word id="r_2_1l34_w8" custom="readingOrder {index:7;}">
                    <Coords points="1432,2591 1432,2651 1531,2651 1531,2591"/>
                    <TextEquiv>
                        <Unicode>quae</Unicode>
                    </TextEquiv>
                </Word>
                <Word id="r_2_1l34_w9" custom="readingOrder {index:8;}">
                    <Coords points="1556,2591 1556,2651 1672,2651 1672,2591"/>
                    <TextEquiv>
                        <Unicode>circa</Unicode>
                    </TextEquiv>
                </Word>
                <Word id="r_2_1l34_w10" custom="readingOrder {index:9;}">
                    <Coords points="1689,2593 1689,2653 1962,2653 1962,2593"/>
                    <TextEquiv>
                        <Unicode>universalia</Unicode>
                    </TextEquiv>
                </Word>
                <Word id="r_2_1l34_w11" custom="readingOrder {index:10;}">
                    <Coords points="1988,2597 1988,2657 2169,2657 2169,2597"/>
                    <TextEquiv>
                        <Unicode>praece¬</Unicode>
                    </TextEquiv>
                </Word>
                <TextEquiv>
                    <Unicode>bus. Eam ipsam ergo Operis nostri partem, quae circa universalia praece¬</Unicode>
                </TextEquiv>
            </TextLine>
            <TextLine id="r_2_1l35" custom="readingOrder {index:34;}">
                <Coords points="213,2729 1947,2746 2168,2736 2168,2648 213,2663"/>
                <Baseline points="224,2706 320,2706 417,2706 513,2706 610,2706 707,2705 803,2705 900,2705 997,2705 1093,2705 1190,2705 1287,2705 1383,2705 1480,2705 1577,2706 1673,2706 1770,2706 1867,2708 1963,2708 2060,2709 2157,2709"/>
                <Word id="r_2_1l35_w1" custom="readingOrder {index:0;}">
                    <Coords points="219,2666 219,2726 307,2726 307,2666"/>
                    <TextEquiv>
                        <Unicode>pta</Unicode>
                    </TextEquiv>
                </Word>
                <Word id="r_2_1l35_w2" custom="readingOrder {index:1;}">
                    <Coords points="339,2666 339,2726 427,2726 427,2666"/>
                    <TextEquiv>
                        <Unicode>haec</Unicode>
                    </TextEquiv>
                </Word>
                <Word id="r_2_1l35_w3" custom="readingOrder {index:2;}">
                    <Coords points="459,2666 459,2726 756,2726 756,2666"/>
                    <TextEquiv>
                        <Unicode>occupatur,</Unicode>
                    </TextEquiv>
                </Word>
                <Word id="r_2_1l35_w4" custom="readingOrder {index:3;}">
                    <Coords points="773,2665 773,2725 1134,2725 1134,2665"/>
                    <TextEquiv>
                        <Unicode>GENERALE</Unicode>
                    </TextEquiv>
                </Word>
                <Word id="r_2_1l35_w5" custom="readingOrder {index:4;}">
                    <Coords points="1166,2665 1166,2725 1728,2725 1728,2665"/>
                    <TextEquiv>
                        <Unicode>ANTIDOTARIUIM</Unicode>
                    </TextEquiv>
                </Word>
                <Word id="r_2_1l35_w6" custom="readingOrder {index:5;}">
                    <Coords points="1752,2668 1752,2728 2161,2728 2161,2668"/>
                    <TextEquiv>
                        <Unicode>nuncupavimus.</Unicode>
                    </TextEquiv>
                </Word>
                <TextEquiv>
                    <Unicode>pta haec occupatur, GENERALE ANTIDOTARIUIM nuncupavimus.</Unicode>
                </TextEquiv>
            </TextLine>
            <TextLine id="r_2_1l36" custom="readingOrder {index:35;}">
                <Coords points="215,2792 2173,2822 2129,2722 215,2729"/>
                <Baseline points="227,2777 323,2777 420,2777 516,2777 613,2775 710,2775 806,2775 903,2775 1000,2775 1096,2775 1193,2774 1290,2774 1386,2775 1483,2775 1580,2775 1676,2775 1773,2775 1870,2777 1966,2777 2063,2778 2160,2778"/>
                <Word id="r_2_1l36_w1" custom="readingOrder {index:0;}">
                    <Coords points="221,2737 221,2797 280,2797 280,2737"/>
                    <TextEquiv>
                        <Unicode>Et</Unicode>
                    </TextEquiv>
                </Word>
                <Word id="r_2_1l36_w2" custom="readingOrder {index:1;}">
                    <Coords points="305,2737 305,2797 500,2797 500,2737"/>
                    <TextEquiv>
                        <Unicode>econtrà</Unicode>
                    </TextEquiv>
                </Word>
                <Word id="r_2_1l36_w3" custom="readingOrder {index:2;}">
                    <Coords points="525,2735 525,2795 711,2795 711,2735"/>
                    <TextEquiv>
                        <Unicode>partem</Unicode>
                    </TextEquiv>
                </Word>
                <Word id="r_2_1l36_w4" custom="readingOrder {index:3;}">
                    <Coords points="728,2735 728,2795 956,2795 956,2735"/>
                    <TextEquiv>
                        <Unicode>alteram,</Unicode>
                    </TextEquiv>
                </Word>
                <Word id="r_2_1l36_w5" custom="readingOrder {index:4;}">
                    <Coords points="973,2735 973,2795 1075,2795 1075,2735"/>
                    <TextEquiv>
                        <Unicode>quae</Unicode>
                    </TextEquiv>
                </Word>
                <Word id="r_2_1l36_w6" custom="readingOrder {index:5;}">
                    <Coords points="1092,2734 1092,2794 1294,2794 1294,2734"/>
                    <TextEquiv>
                        <Unicode>versatur</Unicode>
                    </TextEquiv>
                </Word>
                <Word id="r_2_1l36_w7" custom="readingOrder {index:6;}">
                    <Coords points="1319,2734 1319,2794 1438,2794 1438,2734"/>
                    <TextEquiv>
                        <Unicode>circa</Unicode>
                    </TextEquiv>
                </Word>
                <Word id="r_2_1l36_w8" custom="readingOrder {index:7;}">
                    <Coords points="1463,2735 1463,2795 1768,2795 1768,2735"/>
                    <TextEquiv>
                        <Unicode>particulares</Unicode>
                    </TextEquiv>
                </Word>
                <Word id="r_2_1l36_w9" custom="readingOrder {index:8;}">
                    <Coords points="1793,2737 1793,2797 1954,2797 1954,2737"/>
                    <TextEquiv>
                        <Unicode>omnis</Unicode>
                    </TextEquiv>
                </Word>
                <Word id="r_2_1l36_w10" custom="readingOrder {index:9;}">
                    <Coords points="1979,2738 1979,2798 2165,2798 2165,2738"/>
                    <TextEquiv>
                        <Unicode>generis</Unicode>
                    </TextEquiv>
                </Word>
                <TextEquiv>
                    <Unicode>Et econtrà partem alteram, quae versatur circa particulares omnis generis</Unicode>
                </TextEquiv>
            </TextLine>
            <TextLine id="r_2_1l37" custom="readingOrder {index:36;}">
                <Coords points="203,2873 2178,2865 2092,2791 203,2805"/>
                <Baseline points="216,2850 313,2849 411,2849 508,2849 606,2849 703,2849 801,2849 898,2849 996,2847 1093,2847 1191,2847 1288,2847 1386,2847 1483,2847 1581,2847 1678,2847 1776,2848 1873,2849 1971,2849 2068,2849 2166,2849"/>
                <Word id="r_2_1l37_w1" custom="readingOrder {index:0;}">
                    <Coords points="218,2809 218,2869 562,2869 562,2809"/>
                    <TextEquiv>
                        <Unicode>remediorum</Unicode>
                    </TextEquiv>
                </Word>
                <Word id="r_2_1l37_w2" custom="readingOrder {index:1;}">
                    <Coords points="588,2809 588,2869 785,2869 785,2809"/>
                    <TextEquiv>
                        <Unicode>formas,</Unicode>
                    </TextEquiv>
                </Word>
                <Word id="r_2_1l37_w3" custom="readingOrder {index:2;}">
                    <Coords points="802,2808 802,2868 1086,2868 1086,2808"/>
                    <TextEquiv>
                        <Unicode>exemplaque</Unicode>
                    </TextEquiv>
                </Word>
                <Word id="r_2_1l37_w4" custom="readingOrder {index:3;}">
                    <Coords points="1103,2807 1103,2867 1430,2867 1430,2807"/>
                    <TextEquiv>
                        <Unicode>particularia,</Unicode>
                    </TextEquiv>
                </Word>
                <Word id="r_2_1l37_w5" custom="readingOrder {index:4;}">
                    <Coords points="1447,2807 1447,2867 1577,2867 1577,2807"/>
                    <TextEquiv>
                        <Unicode>verbi</Unicode>
                    </TextEquiv>
                </Word>
                <Word id="r_2_1l37_w6" custom="readingOrder {index:5;}">
                    <Coords points="1602,2807 1602,2867 1766,2867 1766,2807"/>
                    <TextEquiv>
                        <Unicode>gratia,</Unicode>
                    </TextEquiv>
                </Word>
                <Word id="r_2_1l37_w7" custom="readingOrder {index:6;}">
                    <Coords points="1783,2809 1783,2869 2058,2869 2058,2809"/>
                    <TextEquiv>
                        <Unicode>Syruporum,</Unicode>
                    </TextEquiv>
                </Word>
                <Word id="r_2_1l37_w8" custom="readingOrder {index:7;}">
                    <Coords points="2067,2809 2067,2869 2169,2869 2169,2809"/>
                    <TextEquiv>
                        <Unicode>Ele¬</Unicode>
                    </TextEquiv>
                </Word>
                <TextEquiv>
                    <Unicode>remediorum formas, exemplaque particularia, verbi gratia, Syruporum, Ele¬</Unicode>
                </TextEquiv>
            </TextLine>
            <TextLine id="r_2_1l38" custom="readingOrder {index:37;}">
                <Coords points="196,2942 2120,2946 2169,2853 196,2891"/>
                <Baseline points="209,2921 306,2921 403,2921 501,2919 598,2919 696,2919 793,2919 890,2919 988,2919 1085,2919 1183,2919 1280,2919 1377,2919 1475,2921 1572,2921 1670,2921 1767,2922 1864,2922 1962,2922 2059,2924 2157,2925"/>
                <Word id="r_2_1l38_w1" custom="readingOrder {index:0;}">
                    <Coords points="201,2881 201,2941 527,2941 527,2881"/>
                    <TextEquiv>
                        <Unicode>ctuariorum,</Unicode>
                    </TextEquiv>
                </Word>
                <Word id="r_2_1l38_w2" custom="readingOrder {index:1;}">
                    <Coords points="543,2879 543,2939 927,2939 927,2879"/>
                    <TextEquiv>
                        <Unicode>Unguentorum</Unicode>
                    </TextEquiv>
                </Word>
                <Word id="r_2_1l38_w3" custom="readingOrder {index:2;}">
                    <Coords points="951,2879 951,2939 998,2939 998,2879"/>
                    <TextEquiv>
                        <Unicode>&amp;</Unicode>
                    </TextEquiv>
                </Word>
                <Word id="r_2_1l38_w4" custom="readingOrder {index:3;}">
                    <Coords points="1014,2879 1014,2939 1261,2939 1261,2879"/>
                    <TextEquiv>
                        <Unicode>similium,</Unicode>
                    </TextEquiv>
                </Word>
                <Word id="r_2_1l38_w5" custom="readingOrder {index:4;}">
                    <Coords points="1278,2881 1278,2941 1851,2941 1851,2881"/>
                    <TextEquiv>
                        <Unicode>ANTIDOTARIUM</Unicode>
                    </TextEquiv>
                </Word>
                <Word id="r_2_1l38_w6" custom="readingOrder {index:5;}">
                    <Coords points="1883,2883 1883,2943 2154,2943 2154,2883"/>
                    <TextEquiv>
                        <Unicode>SPECIALE</Unicode>
                    </TextEquiv>
                </Word>
                <TextEquiv>
                    <Unicode>ctuariorum, Unguentorum &amp; similium, ANTIDOTARIUM SPECIALE</Unicode>
                </TextEquiv>
            </TextLine>
            <TextLine id="r_2_1l39" custom="readingOrder {index:38;}">
                <Coords points="197,3006 2170,3003 2042,2932 197,2942"/>
                <Baseline points="210,2993 307,2993 404,2993 502,2993 599,2991 696,2991 794,2991 891,2991 988,2991 1086,2991 1183,2991 1280,2991 1378,2991 1475,2991 1572,2991 1670,2991 1767,2991 1864,2991 1962,2993 2059,2993 2157,2994"/>
                <Word id="r_2_1l39_w1" custom="readingOrder {index:0;}">
                    <Coords points="213,2953 213,3013 590,3013 590,2953"/>
                    <TextEquiv>
                        <Unicode>appellavimus:</Unicode>
                    </TextEquiv>
                </Word>
                <Word id="r_2_1l39_w2" custom="readingOrder {index:1;}">
                    <Coords points="598,2951 598,3011 731,3011 731,2951"/>
                    <TextEquiv>
                        <Unicode>quod</Unicode>
                    </TextEquiv>
                </Word>
                <Word id="r_2_1l39_w3" custom="readingOrder {index:2;}">
                    <Coords points="757,2951 757,3011 766,3011 766,2951"/>
                    <TextEquiv>
                        <Unicode>à</Unicode>
                    </TextEquiv>
                </Word>
                <Word id="r_2_1l39_w4" custom="readingOrder {index:3;}">
                    <Coords points="792,2951 792,3011 1029,3011 1029,2951"/>
                    <TextEquiv>
                        <Unicode>superiori</Unicode>
                    </TextEquiv>
                </Word>
                <Word id="r_2_1l39_w5" custom="readingOrder {index:4;}">
                    <Coords points="1046,2951 1046,3011 1222,3011 1222,2951"/>
                    <TextEquiv>
                        <Unicode>differt,</Unicode>
                    </TextEquiv>
                </Word>
                <Word id="r_2_1l39_w6" custom="readingOrder {index:5;}">
                    <Coords points="1240,2951 1240,3011 1371,3011 1371,2951"/>
                    <TextEquiv>
                        <Unicode>ficuti</Unicode>
                    </TextEquiv>
                </Word>
                <Word id="r_2_1l39_w7" custom="readingOrder {index:6;}">
                    <Coords points="1388,2951 1388,3011 1538,3011 1538,2951"/>
                    <TextEquiv>
                        <Unicode>praxis</Unicode>
                    </TextEquiv>
                </Word>
                <Word id="r_2_1l39_w8" custom="readingOrder {index:7;}">
                    <Coords points="1573,2951 1573,3011 1582,3011 1582,2951"/>
                    <TextEquiv>
                        <Unicode>à</Unicode>
                    </TextEquiv>
                </Word>
                <Word id="r_2_1l39_w9" custom="readingOrder {index:8;}">
                    <Coords points="1617,2951 1617,3011 1863,3011 1863,2951"/>
                    <TextEquiv>
                        <Unicode>Theoriam:</Unicode>
                    </TextEquiv>
                </Word>
                <Word id="r_2_1l39_w10" custom="readingOrder {index:9;}">
                    <Coords points="1880,2951 1880,3011 1924,3011 1924,2951"/>
                    <TextEquiv>
                        <Unicode>&amp;</Unicode>
                    </TextEquiv>
                </Word>
                <Word id="r_2_1l39_w11" custom="readingOrder {index:10;}">
                    <Coords points="1942,2953 1942,3013 2143,3013 2143,2953"/>
                    <TextEquiv>
                        <Unicode>proinde</Unicode>
                    </TextEquiv>
                </Word>
                <TextEquiv>
                    <Unicode>appellavimus: quod à superiori differt, ficuti praxis à Theoriam: &amp; proinde</Unicode>
                </TextEquiv>
            </TextLine>
            <TextLine id="r_2_1l40" custom="readingOrder {index:39;}">
                <Coords points="194,3094 2159,3074 2145,3008 194,3003"/>
                <Baseline points="206,3062 303,3062 400,3063 497,3063 594,3063 691,3063 788,3065 885,3065 982,3065 1079,3065 1177,3065 1274,3065 1371,3065 1468,3065 1565,3065 1662,3065 1759,3064 1856,3063 1953,3062 2050,3062 2148,3060"/>
                <Word id="r_2_1l40_w1" custom="readingOrder {index:0;}">
                    <Coords points="214,3022 214,3082 267,3082 267,3022"/>
                    <TextEquiv>
                        <Unicode>in</Unicode>
                    </TextEquiv>
                </Word>
                <Word id="r_2_1l40_w2" custom="readingOrder {index:1;}">
                    <Coords points="290,3022 290,3082 383,3082 383,3022"/>
                    <TextEquiv>
                        <Unicode>hoc</Unicode>
                    </TextEquiv>
                </Word>
                <Word id="r_2_1l40_w3" custom="readingOrder {index:2;}">
                    <Coords points="406,3023 406,3083 582,3083 582,3023"/>
                    <TextEquiv>
                        <Unicode>genere</Unicode>
                    </TextEquiv>
                </Word>
                <Word id="r_2_1l40_w4" custom="readingOrder {index:3;}">
                    <Coords points="605,3023 605,3083 750,3083 750,3023"/>
                    <TextEquiv>
                        <Unicode>etiam</Unicode>
                    </TextEquiv>
                </Word>
                <Word id="r_2_1l40_w5" custom="readingOrder {index:4;}">
                    <Coords points="773,3025 773,3085 1332,3085 1332,3025"/>
                    <TextEquiv>
                        <Unicode>ANTIDOTARIUM</Unicode>
                    </TextEquiv>
                </Word>
                <Word id="r_2_1l40_w6" custom="readingOrder {index:5;}">
                    <Coords points="1363,3025 1363,3085 1723,3085 1723,3025"/>
                    <TextEquiv>
                        <Unicode>GENERALE</Unicode>
                    </TextEquiv>
                </Word>
                <Word id="r_2_1l40_w7" custom="readingOrder {index:6;}">
                    <Coords points="1746,3022 1746,3082 2152,3082 2152,3022"/>
                    <TextEquiv>
                        <Unicode>Medicamento¬</Unicode>
                    </TextEquiv>
                </Word>
                <TextEquiv>
                    <Unicode>in hoc genere etiam ANTIDOTARIUM GENERALE Medicamento¬</Unicode>
                </TextEquiv>
            </TextLine>
            <TextLine id="r_2_1l41" custom="readingOrder {index:40;}">
                <Coords points="192,3141 2152,3163 2066,3080 192,3099"/>
                <Baseline points="203,3132 299,3134 396,3135 493,3137 590,3138 687,3138 784,3138 881,3138 978,3138 1075,3138 1172,3137 1268,3137 1365,3135 1462,3135 1559,3135 1656,3134 1753,3134 1850,3134 1947,3135 2044,3135 2141,3137"/>
                <Word id="r_2_1l41_w1" custom="readingOrder {index:0;}">
                    <Coords points="198,3093 198,3153 317,3153 317,3093"/>
                    <TextEquiv>
                        <Unicode>rum</Unicode>
                    </TextEquiv>
                </Word>
                <Word id="r_2_1l41_w2" custom="readingOrder {index:1;}">
                    <Coords points="351,3097 351,3157 656,3157 656,3097"/>
                    <TextEquiv>
                        <Unicode>Theoriam,</Unicode>
                    </TextEquiv>
                </Word>
                <Word id="r_2_1l41_w3" custom="readingOrder {index:2;}">
                    <Coords points="673,3098 673,3158 954,3158 954,3098"/>
                    <TextEquiv>
                        <Unicode>SPECIALE</Unicode>
                    </TextEquiv>
                </Word>
                <Word id="r_2_1l41_w4" custom="readingOrder {index:3;}">
                    <Coords points="988,3098 988,3158 1099,3158 1099,3098"/>
                    <TextEquiv>
                        <Unicode>verò</Unicode>
                    </TextEquiv>
                </Word>
                <Word id="r_2_1l41_w5" custom="readingOrder {index:4;}">
                    <Coords points="1132,3097 1132,3157 1328,3157 1328,3097"/>
                    <TextEquiv>
                        <Unicode>Praxin,</Unicode>
                    </TextEquiv>
                </Word>
                <Word id="r_2_1l41_w6" custom="readingOrder {index:5;}">
                    <Coords points="1354,3095 1354,3155 1447,3155 1447,3095"/>
                    <TextEquiv>
                        <Unicode>sive</Unicode>
                    </TextEquiv>
                </Word>
                <Word id="r_2_1l41_w7" custom="readingOrder {index:6;}">
                    <Coords points="1472,3094 1472,3154 1745,3154 1745,3094"/>
                    <TextEquiv>
                        <Unicode>Historiam</Unicode>
                    </TextEquiv>
                </Word>
                <Word id="r_2_1l41_w8" custom="readingOrder {index:7;}">
                    <Coords points="1778,3095 1778,3155 2162,3155 2162,3095"/>
                    <TextEquiv>
                        <Unicode>complectetur.</Unicode>
                    </TextEquiv>
                </Word>
                <TextEquiv>
                    <Unicode>rum Theoriam, SPECIALE verò Praxin, sive Historiam complectetur.</Unicode>
                </TextEquiv>
            </TextLine>
            <TextLine id="r_2_1l42" custom="readingOrder {index:41;}">
                <Coords points="190,3229 2153,3231 2119,3150 190,3163"/>
                <Baseline points="203,3209 305,3210 407,3210 509,3210 611,3212 713,3212 815,3212 917,3210 1019,3210 1121,3210 1223,3210 1325,3209 1427,3209 1529,3209 1631,3209 1733,3209 1835,3209 1937,3210 2039,3211 2142,3213"/>
                <Word id="r_2_1l42_w1" custom="readingOrder {index:0;}">
                    <Coords points="205,3169 205,3229 344,3229 344,3169"/>
                    <TextEquiv>
                        <Unicode>Idem</Unicode>
                    </TextEquiv>
                </Word>
                <Word id="r_2_1l42_w2" custom="readingOrder {index:1;}">
                    <Coords points="370,3170 370,3230 483,3230 483,3170"/>
                    <TextEquiv>
                        <Unicode>verò</Unicode>
                    </TextEquiv>
                </Word>
                <Word id="r_2_1l42_w3" custom="readingOrder {index:2;}">
                    <Coords points="509,3170 509,3230 606,3230 606,3170"/>
                    <TextEquiv>
                        <Unicode>hoc</Unicode>
                    </TextEquiv>
                </Word>
                <Word id="r_2_1l42_w4" custom="readingOrder {index:3;}">
                    <Coords points="631,3172 631,3232 866,3232 866,3172"/>
                    <TextEquiv>
                        <Unicode>posterius</Unicode>
                    </TextEquiv>
                </Word>
                <Word id="r_2_1l42_w5" custom="readingOrder {index:4;}">
                    <Coords points="892,3170 892,3230 1266,3230 1266,3170"/>
                    <TextEquiv>
                        <Unicode>Antidotarium</Unicode>
                    </TextEquiv>
                </Word>
                <Word id="r_2_1l42_w6" custom="readingOrder {index:5;}">
                    <Coords points="1292,3169 1292,3229 1432,3229 1432,3169"/>
                    <TextEquiv>
                        <Unicode>etiam</Unicode>
                    </TextEquiv>
                </Word>
                <Word id="r_2_1l42_w7" custom="readingOrder {index:6;}">
                    <Coords points="1458,3169 1458,3229 1501,3229 1501,3169"/>
                    <TextEquiv>
                        <Unicode>in</Unicode>
                    </TextEquiv>
                </Word>
                <Word id="r_2_1l42_w8" custom="readingOrder {index:7;}">
                    <Coords points="1518,3169 1518,3229 1614,3229 1614,3169"/>
                    <TextEquiv>
                        <Unicode>tres</Unicode>
                    </TextEquiv>
                </Word>
                <Word id="r_2_1l42_w9" custom="readingOrder {index:8;}">
                    <Coords points="1640,3169 1640,3229 1823,3229 1823,3169"/>
                    <TextEquiv>
                        <Unicode>libros,</Unicode>
                    </TextEquiv>
                </Word>
                <Word id="r_2_1l42_w10" custom="readingOrder {index:9;}">
                    <Coords points="1832,3169 1832,3229 1971,3229 1971,3169"/>
                    <TextEquiv>
                        <Unicode>sicuti</Unicode>
                    </TextEquiv>
                </Word>
                <Word id="r_2_1l42_w11" custom="readingOrder {index:10;}">
                    <Coords points="1997,3171 1997,3231 2153,3231 2153,3171"/>
                    <TextEquiv>
                        <Unicode>prius,</Unicode>
                    </TextEquiv>
                </Word>
                <TextEquiv>
                    <Unicode>Idem verò hoc posterius Antidotarium etiam in tres libros, sicuti prius,</Unicode>
                </TextEquiv>
            </TextLine>
            <TextLine id="r_2_1l43" custom="readingOrder {index:42;}">
                <Coords points="1961,3326 2159,3324 2157,3230 2120,3236 2091,3230 2064,3245 2034,3233 2025,3241 1959,3240"/>
                <Baseline points="1973,3284 2001,3287 2030,3287 2059,3286 2087,3285 2116,3283 2145,3282"/>
                <Word id="r_2_1l43_w1" custom="readingOrder {index:0;}">
                    <Coords points="1973,3245 1973,3305 2169,3305 2169,3245"/>
                    <TextEquiv>
                        <Unicode>partiti,</Unicode>
                    </TextEquiv>
                </Word>
                <TextEquiv>
                    <Unicode>partiti</Unicode>
                </TextEquiv>
            </TextLine>
            <TextEquiv>
                <Unicode></Unicode>
            </TextEquiv>
        </TextRegion>
        <SeparatorRegion id="r_3" custom="readingOrder {index:2;}">
            <Coords points="1202,156 1354,156 1354,160 1202,160"/>
        </SeparatorRegion>
        <SeparatorRegion id="r_4" custom="readingOrder {index:3;}">
            <Coords points="1600,156 2479,156 2479,159 1600,159"/>
        </SeparatorRegion>
        <SeparatorRegion id="r_5" custom="readingOrder {index:4;}">
            <Coords points="232,157 872,157 872,167 232,167"/>
        </SeparatorRegion>
        <SeparatorRegion id="r_6" custom="readingOrder {index:5;}">
            <Coords points="966,157 1050,157 1050,160 966,160"/>
        </SeparatorRegion>
        <SeparatorRegion id="r_7" custom="readingOrder {index:6;}">
            <Coords points="14,1855 16,1855 16,1968 14,1968"/>
        </SeparatorRegion>
        <SeparatorRegion id="r_8" custom="readingOrder {index:7;}">
            <Coords points="18,2854 20,2854 20,3092 18,3092"/>
        </SeparatorRegion>
        <SeparatorRegion id="r_9" custom="readingOrder {index:8;}">
            <Coords points="2445,156 2462,156 2462,590 2445,590"/>
        </SeparatorRegion>
        <SeparatorRegion id="r_10" custom="readingOrder {index:9;}">
            <Coords points="2456,932 2461,932 2461,1015 2456,1015"/>
        </SeparatorRegion>
        <SeparatorRegion id="r_11" custom="readingOrder {index:10;}">
            <Coords points="2459,1310 2466,1310 2466,1429 2459,1429"/>
        </SeparatorRegion>
        <SeparatorRegion id="r_12" custom="readingOrder {index:11;}">
            <Coords points="2462,1533 2479,1533 2479,2188 2462,2188"/>
        </SeparatorRegion>
        <SeparatorRegion id="r_13" custom="readingOrder {index:12;}">
            <Coords points="2477,2418 2479,2418 2479,2568 2477,2568"/>
        </SeparatorRegion>
    </Page>
</PcGts>
