2479 3508
675 12 1569 43 PRAEFATIO
119 71 239 131 purtiti
267 73 501 133 sumus:
520 74 771 134 quorum
799 76 1023 136 priores
1051 76 1172 136 duo
1209 79 1628 139 medicamentis
1675 81 1796 141 tum
1833 83 2197 143 simplicibus,

117 154 185 214 tum
210 154 551 214 compositis,
577 154 671 214 sive
705 156 1106 216 artificialibus,
1131 158 1199 218 ad
1233 158 1523 218 sanitatem
1557 161 1975 221 conferentibus
2001 161 2187 221 agunt:

110 233 234 293 tertius
261 233 386 293 verò
421 233 635 293 parerga
671 235 875 295 medica
902 235 1000 295 (ne
1035 236 1160 296 quid
1187 236 1311 296 huic
1338 238 1649 298 tractationi
1675 239 1942 299 videretur
1979 238 2183 298 deesse)

108 313 381 373 dornatum
406 313 696 373 spectantia
722 314 986 374 continet.
1020 314 1174 374 Nam
1200 316 1329 376 cùm
1346 316 1397 376 &
1414 316 1593 376 prisci,
1619 316 1986 376 Archigenes,
2003 315 2190 375 Ascle¬

110 392 254 452 pides,
272 392 463 452 Crito,
481 392 800 452 Cleopatra,
818 392 1018 452 Heras,
1036 394 1309 454 Soranus,
1327 394 1473 454 quod
1509 394 1655 454 apud
1682 395 1945 455 Galenum
1972 395 2109 455 libro
2136 395 2199 455 de

115 470 477 530 Compositione
512 470 1050 530 medicamentorum
1086 472 1385 532 secundum
1412 472 1606 532 locos,
1624 473 1809 533 videre
1835 474 1994 534 licet,
2012 475 2109 535 hac
2136 476 2188 536 de

116 544 260 604 niteria
288 550 622 610 scripserint:
649 552 1075 612 Neotericorum
1102 553 1400 613 quinetiam
1427 552 1527 612 non
1554 551 1726 611 pauci,
1735 551 1844 611 Itali
1862 551 2187 611 potissimùm

109 625 259 685 eGalli,
277 627 446 687 gentis
472 628 569 688 suae
587 629 641 689 in
658 631 923 691 ornandis
950 632 1278 692 corporibus
1304 632 1517 692 morem
1544 632 1730 692 secuti,
1747 631 2058 691 Cosmetica
2084 631 2190 691 tra¬

121 699 327 759 duerint:
345 703 479 763 nihil
515 706 596 766 me
622 707 676 767 ab
721 709 909 769 officio
936 710 1151 770 Medici
1178 710 1437 770 alienum,
1456 710 1491 770 si
1518 709 1635 769 illos
1662 709 1796 769 certa
1823 709 2092 769 methodo
2118 710 2191 770 se¬

116 779 270 839 querer,
286 786 555 846 facturum
589 788 784 848 putavi.
817 790 882 850 In
907 790 1249 850 singularium
1274 788 1813 848 medicamentorum
1845 788 2179 848 enarratione

121 862 245 922 cusis,
263 864 470 924 effectus
495 865 545 925 &
561 866 894 926 accidentia,
919 868 1110 928 quanta
1143 868 1418 928 potuimus
1451 868 1742 928 diligentia,
1759 868 2190 928 examinavimus,

111 942 481 1002 adeclaravimus
513 944 564 1004 ex
596 945 1025 1005 praestantissimis
1049 946 1395 1006 quibusque,
1412 946 1526 1006 non
1551 946 1724 1006 solùm
1757 944 1955 1004 Graecis
1987 943 2038 1003 &
2054 943 2185 1003 Ara¬

132 1018 237 1078 bibus,
255 1020 413 1080 verùm
440 1022 546 1082 etiam
563 1024 784 1084 Latinis,
792 1024 951 1084 Italis,
969 1025 1144 1085 Gallis,
1162 1025 1426 1085 Hispanis,
1444 1025 1488 1085 &
1514 1025 1796 1085 Germanis
1823 1024 2078 1084 (quorum
2104 1024 2183 1084 ca¬

128 1094 288 1154 tlogum
315 1097 457 1157 paulò
494 1100 600 1160 pòst
627 1102 1046 1162 subnectemus)
1073 1105 1269 1165 optima
1305 1105 1527 1165 quaeque
1563 1103 1607 1163 &
1625 1103 1937 1163 seligendo,
1964 1102 2018 1162 &
2036 1101 2187 1161 dige¬

131 1177 261 1237 teudo:
288 1179 523 1239 quorum
549 1180 671 1240 usus
706 1181 758 1241 &
775 1181 1011 1241 Medicis
1046 1182 1098 1242 &
1124 1183 1569 1243 Pharmacopoeis
1595 1183 1865 1243 maximus
1891 1183 1987 1243 esse
2021 1183 2196 1243 possit.

133 1255 272 1315 ledicis
296 1258 551 1318 quidem,
567 1259 633 1319 ob
657 1261 1035 1321 remediorum
1068 1261 1305 1321 copiam,
1322 1261 1806 1321 methodicamque
1830 1261 2118 1321 rationem,
2134 1262 2183 1322 ut

147 1332 267 1392 uisine
291 1336 460 1396 labore
492 1338 540 1398 ex
572 1339 668 1399 hoc
692 1340 901 1400 Opere,
917 1340 1311 1400 medicamenta
1343 1340 1399 1400 ad
1423 1340 1616 1400 quaevis
1640 1340 1880 1400 corporis
1913 1341 2057 1401 mala,
2073 1342 2185 1402 tan¬

141 1406 239 1466 qam
247 1408 287 1468 ex
313 1416 680 1476 promptuario
706 1420 852 1480 facilè
878 1420 1115 1480 invenire
1140 1418 1352 1478 queant:
1369 1417 1820 1477 Pharmacopoeis
1844 1418 1983 1478 verò,
1999 1420 2057 1480 ad
2081 1422 2197 1482 me¬

150 1488 262 1548 lorem
279 1490 314 1550 &
331 1495 739 1555 diligentiorem
765 1498 1232 1558 praeparationem,
1249 1498 1752 1558 tractationemque.
1778 1498 1890 1558 Haec
1926 1499 2055 1559 sunt,
2064 1499 2193 1559 ami¬

155 1571 461 1631 ceLICTOR,
493 1575 614 1635 quae
639 1577 824 1637 tecum
856 1577 920 1637 de
953 1577 1131 1637 nostro
1163 1576 1268 1636 hoc
1300 1575 1518 1635 gemino
1550 1574 1727 1634 Opere
1760 1576 2010 1636 conferre
2034 1580 2203 1640 volui.

165 1641 259 1701 Quod
277 1644 302 1704 si
320 1648 407 1708 tuis
433 1653 623 1713 usibus
649 1655 753 1715 ulla
779 1657 986 1717 ratione
1012 1655 1290 1715 inserviet,
1307 1654 1359 1714 ut
1384 1652 1515 1712 mihi
1549 1652 1592 1712 id
1626 1652 1973 1712 gratissimum
1990 1656 2120 1716 erit,
2137 1660 2206 1720 ita

176 1725 299 1785 opetanm
316 1730 572 1790 deinceps
596 1733 770 1793 dabo,
787 1733 836 1793 ut
861 1733 968 1793 ocii
993 1732 1158 1792 nostri
1182 1732 1446 1792 rationem
1472 1730 1521 1790 in
1546 1730 1653 1790 aliis
1678 1730 1909 1790 Medicis
1942 1732 2206 1792 operibus

166 1804 400 1864 petficiendis
426 1810 871 1870 Asclepiadarum
898 1811 1220 1871 amplissimo
1254 1810 1437 1870 ordini
1463 1808 1855 1868 comprobem.
1890 1810 1969 1870 Tu
1995 1813 2195 1873 interea

163 1882 427 1942 hisceffuere:
454 1888 505 1948 &
522 1888 547 1948 si
573 1891 805 1951 nostrum
830 1892 967 1952 hunc
993 1891 1233 1951 laborem
1259 1889 1592 1949 Reipublicae
1619 1888 1799 1948 utilem
1833 1889 2012 1949 putas,
2029 1892 2202 1952 gene¬

158 1952 239 2012 toso
266 1960 393 2020 Heroi
420 1969 727 2029 LAZARO
773 1972 1151 2032 SUENDIO,
1179 1967 1432 2027 Caesareae
1476 1964 1774 2024 Majestatis
1811 1969 2198 2029 Polemarcho,

161 2034 239 2094 belli
264 2041 456 2101 pacisque
490 2046 690 2106 artibus
716 2048 1028 2108 clarissimo,
1045 2048 1236 2108 gratias
1262 2047 1436 2107 habe:
1462 2047 1601 2107 cujus
1627 2047 1844 2107 hortatu
1870 2047 2079 2107 animus
2105 2049 2191 2109 sae¬

157 2112 215 2172 pe,
232 2119 506 2179 quantumvis
531 2125 914 2185 languentibus
939 2126 1190 2186 corporis
1215 2126 1440 2186 viribus,
1464 2125 1615 2185 nobis
1656 2125 1714 2185 ad
1747 2125 1856 2185 haec
1889 2125 2197 2185 conficien¬

163 2186 199 2246 di
226 2194 453 2254 restitutus,
471 2201 552 2261 vel
579 2204 761 2264 saltem
788 2207 1051 2267 excitatus
1078 2207 1206 2267 fuit.
1260 2206 1441 2266 Cujus
1468 2204 1659 2264 itidem
1695 2203 1831 2263 suasu
1858 2204 2076 2264 tantum
2103 2206 2202 2266 no¬

160 2269 207 2329 bis
225 2274 384 2334 accessit
412 2281 674 2341 audaciae,
692 2284 748 2344 ut
777 2285 983 2345 invicto
1020 2285 1207 2345 Caesari
1235 2285 1431 2345 vigilias
1477 2284 1637 2344 hasce
1674 2282 1879 2342 nostras
1917 2282 2206 2342 dedicare¬

228 2355 344 2415 mus,
353 2359 487 2419 eique
522 2360 612 2420 uni
639 2361 746 2421 prae
773 2362 969 2422 caeteris
996 2362 1157 2422 studia
1184 2362 1344 2422 nostra
1371 2362 1737 2422 comprobare
1765 2363 2086 2423 niteremur,

451 2443 535 2503 cui
553 2441 794 2501 placuisse
822 2440 934 2500 non
962 2440 1157 2500 ultima,
1175 2441 1259 2501 sed
1286 2443 1583 2503 solidissima
1611 2444 1713 2504 laus
1742 2444 1824 2504 est.

714 2519 860 2579 Vale,
882 2519 1187 2579 Colmariae,
1210 2519 1345 2579 Idib.
1367 2522 1581 2582 August.

879 2600 972 2660 M.
1004 2601 1097 2661 D.
1128 2600 1419 2660 LXXIV.

1749 2821 1797 2881 4
