2479 3508
842 325 985 385 AD
1036 326 1785 386 LECTOREM.

601 523 797 583 Quid
830 524 940 584 non
973 524 1258 584 prompta
1290 523 1378 583 suo
1411 524 1630 584 manus
1663 529 1979 589 labore,

727 629 843 689 Vel
874 628 1115 688 virtute
1148 628 1242 688 sua
1273 629 1494 689 domat
1525 631 1872 691 voluntas?

729 737 922 797 Quid
952 734 1073 794 non
1095 733 1328 793 ingenii
1359 734 1572 794 vigore
1603 736 1857 796 tandem

715 837 976 897 Mens,
997 839 1106 899 aut
1138 839 1379 899 aßiduo
1401 839 1640 899 faceßit
1661 840 1802 900 usu?

621 944 676 1004 Si
700 943 900 1003 spectes
933 943 1223 1003 animum
1245 943 1546 1003 (benigne
1579 943 1790 1003 Lector

733 1046 1016 1106 Weckeri
1048 1046 1257 1106 pietas,
1279 1046 1478 1106 amor,
1499 1050 1720 1110 fidesque,

725 1148 806 1208 Vt
837 1150 1043 1210 cursus
1074 1151 1351 1211 Medicae
1372 1152 1629 1212 juvetur
1659 1156 1844 1216 artis,

704 1253 1092 1313 Spectantur
1130 1255 1319 1315 vario
1347 1256 1547 1316 polita
1584 1258 1792 1318 cultu.

618 1360 928 1420 Sinmens
948 1360 1078 1420 ipsa
1109 1360 1279 1420 suum
1309 1361 1459 1421 velit
1500 1363 1849 1423 decorem,

715 1465 799 1525 Et
831 1465 1193 1525 quascunque
1204 1466 1374 1526 fovet
1406 1468 1619 1528 referre
1651 1469 1853 1529 dotes:

741 1564 1130 1624 Weckerum
1160 1568 1442 1628 Medicos
1470 1571 1715 1631 videbis
1753 1574 1899 1634 inter

743 1670 1058 1730 Effulgere
1093 1672 1315 1732 graves
1350 1672 1409 1732 &
1432 1672 1736 1732 eruditos:

621 1775 880 1835 Doctas
911 1774 1151 1834 ingento
1192 1775 1440 1835 manus,
1451 1775 1524 1835 &
1544 1775 1679 1835 usu,

728 1877 993 1937 Virtuti
1005 1877 1316 1937 famulas,
1327 1879 1394 1939 &
1416 1880 1849 1940 obsequentes,

742 1981 801 2041 Si
826 1984 1078 2044 spectare
1102 1984 1269 2044 libet:
1294 1984 1628 2044 Reguntur
1653 1985 1785 2045 arte

739 2087 820 2147 Et
852 2087 1046 2147 nullos
1066 2087 1323 2147 fugiunt
1354 2090 1579 2150 manus
1610 2092 1886 2152 labores.

639 2193 798 2253 Cùm
828 2192 888 2252 sit
918 2191 1137 2251 mentis
1167 2192 1406 2252 Honos:
1426 2195 1655 2255 manus
1666 2197 1726 2257 que
1745 2198 1995 2258 merces,

748 2297 828 2357 Et
857 2296 1135 2356 virtutis
1166 2297 1374 2357 amor:
1394 2299 1713 2359 videntur
1742 2300 1832 2360 esse

764 2398 1062 2458 Weckero
1084 2402 1293 2462 stabili
1315 2404 1833 2464 probatajure,

751 2502 950 2562 Laus,
971 2507 1213 2567 merces,
1233 2510 1307 2570 &
1328 2512 2053 2572 amorremuneranda.

1008 2711 1263 2771 NIC.
1287 2717 1918 2777 TAURELLUS
1979 2709 2100 2769 M.
2124 2707 2235 2767 D.

1931 2900 2352 2960 AVTHO.
