2479 3508
2151 34 2237 94 10

990 34 1090 94 De
1134 32 1355 92 Aqua.

184 107 220 167 De
238 107 353 167 balneis
378 106 609 166 Mertesderf.

180 157 217 217 De
233 161 354 221 balneis
375 160 629 220 Montenbaur.

180 209 220 269 Di
234 211 413 271 Neubad.

178 260 217 320 De
228 265 333 325 balneo
355 262 587 322 Saurenthal.

187 316 227 376 De
240 316 345 376 balneo
365 316 668 376 Spiegelbergensi.

186 367 221 427 De
238 369 344 429 halneo
362 367 666 427 Schuenningensi.

191 419 228 479 De
240 421 345 481 balneo
364 418 544 478 Sylvestri.

188 469 230 529 De
242 473 360 533 balneis
378 472 545 532 Teplicis.

194 523 230 583 De
243 523 352 583 balneis
369 523 684 583 Vberlingensibus.

195 572 229 632 De
247 575 339 635 balneo
363 574 588 634 Villachensi.

194 625 234 685 De
246 628 344 688 balneo
361 626 609 686 Waldsborn.

192 674 230 734 De
248 679 343 739 balneo
369 679 627 739 Weringensi.

199 730 239 790 De
253 730 341 790 balnto
361 731 713 791 Wolckensteinensi.

212 784 247 844 De
267 785 443 845 Zllerbad.

1241 104 1290 164 De
1307 102 1434 162 balneis
1457 103 1662 163 Patavinis.

1242 157 1291 217 De
1314 155 1435 215 balneo
1457 155 1661 215 Porretano.

1246 208 1298 268 De
1318 208 1438 268 balneo
1464 208 1614 268 Corseno.

1229 259 1282 319 De
1306 260 1425 320 sancta
1442 259 1561 319 Maria
1579 259 1609 319 in
1627 261 1763 321 bagno.

1239 314 1289 374 De
1309 313 1436 373 balaeis
1448 311 1486 371 de
1506 312 1639 372 Aquis.

1243 365 1291 425 De
1312 364 1428 424 balneo
1449 361 1623 421 Petriolo.

1237 416 1293 476 De
1315 415 1460 475 thermis
1483 415 1656 475 Grotinis.

1238 469 1290 529 De
1308 467 1447 527 thermis
1471 466 1558 526 apud
1581 467 1704 527 urbem
1715 469 1878 529 veterem.

1252 521 1302 581 De
1319 520 1448 580 balneis
1465 518 1651 578 Perusinis.

1235 572 1287 632 De
1310 571 1443 631 balneis
1466 569 1588 629 moniis
1611 572 1744 632 Catini.

1241 625 1295 685 De
1313 623 1445 683 balneis
1463 623 1703 683 Aquensibus.

1238 676 1295 736 De
1317 676 1447 736 balneis
1465 676 1606 736 Siculis.

1238 728 1286 788 De
1309 729 1435 789 balneis
1465 728 1650 788 Aquariis.

1232 784 1284 844 De
1309 782 1424 842 balneo
1457 781 1629 841 Carpensi.

1169 880 2254 948 [A] infantibus, senibus, scabiei, pruritui, omnibus cu¬
1229 941 2235 997 tis vitiis, nephriticis: emollit corpus, & membra,
1241 990 2247 1043 humores liquat, & evacuat: corpus & membra
1236 1043 2254 1106 humectat: indurata resolvit, impinguat: vocem
1241 1095 2247 1150 clarificat, urinam movet: calorem nativum &
1234 1146 2243 1212 humorem auget: somnum conciliat: carnem &
1237 1202 2245 1252 cutem restituit naturali temperamento: cibum
1238 1253 2244 1316 distribuit: mundificat, & abstergit. Sed usus eius
1242 1304 2239 1371 immoderatus cordi nocet, syncopen inducit, ap¬
1249 1355 2244 1423 petitum dejicit, nauseam movet, jucturas laxat,
1192 1406 2249 1478 [B] & debilitat, calorem naturalem resolvit corpus
1229 1459 2255 1544 & membra laxat, humores movet, & ulceribus
1229 1511 1793 1585 nocet, &c. Galenus, & alii.
1381 1552 2077 1644 De balneo aquae dulcis frigido.
1282 1631 2238 1704 BALNEUM aquae dulcis frigidum valet con¬
1241 1686 2247 1750 tra morbos calidos & siccos, febres omnes sic¬
1236 1739 2247 1800 cas, convulsionem, spasmum, sanguinis proflu¬
1247 1789 2256 1845 via quaecunque, cutis sordes, menstruorum flu¬
1234 1841 2253 1901 xum nimium, & rubeum, & cholericum, articu¬
1229 1889 2241 1954 lorum dolores, & podagram. Prodest juveni¬
1184 1948 2250 2009 [C] bus, & carnosis: totum corpus refrigerat: cutem
1240 2002 2243 2056 densat: digestionem confortat: vires roborat.
1245 2057 2255 2116 Sed frigidum balneum nocet maximè pueris, &
1241 2105 2244 2162 crescentibus, gracilibus, mulieribus, senibus, im¬
1244 2159 2248 2224 becillis, nervis & juncturis debilibus, pectori,
1241 2206 2239 2271 cordi, stomacho frigido, & imbecillo, intestinis,
1232 2258 2247 2319 renibus, matrici, hominibus frigidis & humidis,
1242 2313 2251 2375 morbis omnibus frigidis & humidis: calori na¬
1234 2381 2247 2448 tivo, vulneribus & ulceribus, hecticae: item op¬
1237 2415 1753 2494 pilat, & constipat. Iidem.
1328 2460 2128 2554 De aquis mineralibus sive thermis.
1300 2530 2248 2611 AQUAE minerales seu THERMAE, Balnea na¬
1246 2589 2253 2645 turalia dicuntur, quae per se aut sponte, vel natu¬
1247 2642 2259 2707 raliter scaturiunt: alioque nomine, eò quòd illis
1242 2696 2256 2754 insit calefaciendi facultas, thermae vocantur. Sunt
1239 2753 2256 2814 autem quaedam salsa, quaedam nitrosa, quaedam
1247 2803 2251 2864 aluminosa, quędam sulphurea, nonnulla bitumino¬
1237 2848 2249 2925 sa, aliqua ferrea, aliqua aerea, aliqua cuprea, ali¬
1243 2909 2248 2981 qua aurea, quaedam ex plurib. horum mixta, &c.
1549 2969 1935 3064 De balneis salsis.
1298 3036 2263 3111 BALNEA salsa ad frigidas & humidas intem¬
1249 3095 2256 3159 peries, & ad ejusdem generis morbos conferunt.
1252 3157 2257 3208 Proinde medentur hydropicis frigidis nervo¬
1244 3192 2258 3261 rum doloribus, podagrae, resolutioni, asthmati¬
1250 3250 2260 3318 cis: pectoris fluxiones cohibent: ventriculo fri¬
1252 3311 2258 3383 gido & humido conferunt, & tumoribus laxis,
431 866 867 982 De Aqua potabili.
218 956 1168 1040 AQUA optima est, quae pura, limpida, omnis
215 1013 1166 1094 saporis expers, gustu jucundo, clara, pellu¬
223 1072 1174 1146 cida, tenuis, levisque reperitur: necnon quae
218 1120 1173 1181 igni admota citò calefit, remota verò ocyssimè
227 1185 1168 1250 ingescit, & in qua carnes & legumina celerrimè
224 1235 1167 1292 coquuntur: quę denique aestate frigida, hyeme ve¬
227 1281 1159 1343 rò tepida existit, celeriterque praecordia pertransit,
232 1329 1158 1392 & sine ulla ventriculi molestia labitur, & secedit.
229 1382 1171 1441 Talis autem ea esse solet, cujus fons ad orientem
241 1431 1160 1519 Sole erumpit, curritque super lapides, aut arenam,
229 1490 1155 1554 aut purissimam terram. Omnium tamen praestan¬
239 1537 1169 1597 tissima est pluvialis, eaque praesertim quae in fine
250 1597 1157 1649 aestatis, vel principio autumni, vel etiam media
253 1644 1161 1722 aestate pluit, silente coelo. Huic ferè illa respon¬
251 1699 1164 1772 det, quae eodem tempore cum tonitruis descendit.
256 1742 1155 1820 Area, quae maxima aëris ac ventorum procella,
250 1799 1161 1879 terrifico tonitruum, fulgurum, & grandinis im¬
253 1849 1159 1935 petu, ex velociter concitatis nubibus coelo de¬
245 1909 1155 1982 mittitur, in humanae vitae usum admitti non de¬
245 1950 1165 2033 bet. Porrò aqua cisternarum non aequè commen¬
238 2001 1168 2086 datur, tum quòd miscella quaedam sit diversarum
234 2064 1174 2140 aquarum, quae in diversis anni temporibus inibi
242 2116 1170 2189 colliguntur ex pluvia, ex grandine, & nivibus
230 2151 1160 2241 hyemali tempore in tectis colliquatis: tum quòd
236 2219 1169 2293 aquae omnes stationariae, putrefactioni facilè
228 2262 1162 2346 sint obnoxiae. Putealis praeterea aqua tertium in
236 2309 1160 2404 bonitate locum habet: gravis quidem est, aegreque
230 2382 1155 2456 conficitur, nec omnis putredinis expers: verun¬
232 2422 1159 2508 tamen tantò minùs fuerit damnanda, quantò fre¬
227 2483 1174 2561 quentius hauritur, vel si è subterraneo fonte sca¬
217 2517 1177 2613 turiat. Sequuntur lacustres & palustres: quae om¬
218 2580 1158 2659 mino sunt improbandae, nisi coctae, vel igne fue¬
233 2627 1168 2712 rint destillatę. Fluviatilis denique probatur, in qua
215 2688 1162 2765 nulla animalia putrefacta, nulla excrementa, nul¬
221 2728 1175 2837 llae urbium sordes inesse sentiuntur, &c. Galenus.
356 2796 1020 2904 De balneo aquae dulcis calido.
269 2858 1180 2953 BALNEUM calidum aquae dulcis confert alo¬
221 2893 1178 3008 peciae, appetitui canino, alvo obstructae, capitis
230 2975 1171 3058 dolori, calori externo, cholericis, & morbis cali¬
229 3025 1179 3109 dis, colicae, phthisi, pulmonis vitiis, pleuritidi,
215 3075 1171 3164 hecticis, haemorrhoidibus obstructis, lassitudini
229 3123 1172 3214 membrorum, extenuatis, consumptis, morbis
220 3168 1171 3272 siccis spleniticis, melancholicis, si tevigiliae, ven¬
239 3227 1173 3315 tris fluxui, ulceribus, tertianis, quartanis, fluxi¬
226 3281 1181 3393 bus omnibus, mensibus obstructis, mulieribus,
