2479 3508
219 110 311 191 11
721 114 1725 179 Antidotarii specialis Lib.I.
2070 115 2201 192 12
222 176 1239 241 pituitosis, scabie infectis, capiti thoracique flu¬
220 241 1178 292 xionibus obnoxio, &c. Valent praeterea contra
213 283 1178 337 spasmum & convulsionem, matricem frigidam
213 333 1167 386 & humidam, vesicam & nervos, renum aegritu¬
213 384 1177 446 dines, testiculorum inflationem, menstrua alba,
213 433 1158 489 sterilitatem, ulcera, tormina, flatus & dolores ven
222 481 1182 544 tris, laxitatem membrorum, calculum, articulo¬
219 534 1177 585 rum dolores, humorum putrefactionem, nervo¬
219 585 1177 633 rum contritionem, casum, epilepsiam, aurium
222 627 1187 690 dolorem, vulvae casum, splenis duritiam, stoma¬
219 681 1224 756 chi dolores frigidos, carnem superfluam, scabiem,
213 725 841 797 impetiginem, &c. Galen. & alii.
379 773 919 854 -- De balneis nitrosis.
270 810 1180 909 NITROSA balnea à salsis, facultatibus non
228 888 1183 957 differunt, nisi quòd in omnibus illis valentiores
222 942 1183 1005 sunt, non adeò tamen adstringunt, sed valenter
222 985 1173 1050 abstergunt, quare e scabiosos mundant, & au¬
213 1037 1178 1103 rium ulceribus medentur, incertosque earum so¬
211 1088 1173 1159 nos atque tumores discutiunt. Conferunt prae¬
219 1141 1171 1191 terea capiti, thoraci, fluxibus, ventriculo pituito¬
213 1182 1171 1248 fo, ac humido, hydropi, tumoribus laxis, nervo¬
213 1239 1177 1294 rum vitiis, defluxionibus ad pectus, pruritui, fur¬
211 1290 1177 1355 furibus, visui, paralysi, nervorum torsionibus,
213 1342 1177 1409 surditati, ventris doloribus, vermibus, carni ex¬
219 1391 1038 1456 crescenti, ulceribus, venenos. Galen. & alii.
439 1435 950 1522 -- De balneis aluminosis.
270 1473 1177 1561 ALUMINOSA balnea, ad sanguinis rejectio¬
213 1554 1164 1624 nes, ventriculum vomiturientem, haemorrhoi¬
218 1603 1183 1671 das immodicè profluentes, mulieres, quae inor¬
213 1655 1177 1716 dinatè purgantur, & quae frequenter abortiunt:
216 1701 1174 1756 ad eos denique qui immodico sudore resolvun¬
216 1746 1182 1810 tur, & tibiarum varices prosunt: Exiccant valdè,
213 1799 1173 1855 calefaciunt, consolidant, coagulant. Valent ad¬
213 1851 1164 1900 versus ructus, hydropem, tormina, ulcera mali¬
228 1899 1169 1957 gna & putrida, articularem morbum, sputum san¬
224 1950 1169 2010 guinis, sudores superfluos, dyspepsiara, varices,
213 2008 1169 2061 ulcera vesicae, tumores laxos, item valent contra
213 2044 1171 2113 fluxum sanguinis, & aliarum superfluitatum, vi¬
206 2093 1169 2162 sus obscuritatem, stomachica, testiculorum dolo¬
213 2140 1167 2198 nem, herpetem, esthiomenum, apostema corrosi¬
213 2195 1167 2252 vum, ignis adustionem, carnem superfluam, &
215 2246 1213 2331 omnes morbos frigidos & humidos. Gal. & alii.
368 2289 932 2383 -- De balneis sulphureis.
255 2327 1168 2430 SULPHUREA balnea calefaciunt, nervos
206 2412 1169 2462 emolliunt, dolores mitigant, stomachum ener¬
210 2462 1169 2534 vant & subvertunt, omnia cutis vitia exterunt:
201 2498 1160 2568 hydropicis, alphis, leucis, impetiginibus, ulceri¬
204 2550 1165 2621 bus antiquis, articulorum defluxioni, lieni indu¬
201 2616 1154 2682 rato, jecori, utero, resolutionibus, coxendicibus
202 2664 1158 2722 & scabiei subveniunt. Siccant praeterea vehe¬
196 2713 1154 2771 menter, & in quarto gradu, refolvunt, aperiunt,
201 2755 1194 2839 attrahunt, consumunt, attenuant. Prosunt ven¬
197 2810 1152 2880 triculo, nervis frigidis & humidis, scabiei, sple¬
189 2858 1155 2922 ni, calculo, tenesmo, jecori, matrici, lumborum
196 2914 1164 2979 doloribus, morbis frigidis & humidis, resolutis,
201 2959 1146 3022 paralyticis, contractis, tremulis, & nervorum do¬
187 3001 1139 3068 loribus, tumoribus articulorum, & eorum mor¬
187 3053 1146 3127 bis aliis, epilepticis, lethargicis, surditati, & obli¬
193 3106 1143 3177 vioni, & coryzae, apoplexie, tussi, pectoris saniei,
188 3156 1143 3243 asthmati, ventositatibus, hydropi, icteritiae, ve¬
181 3203 552 3287 nenatis, &c. lidem.
1449 157 1972 271 [A] -- De balneis bituminosis.
1287 233 2209 319 BITUMINOSA balnea caput replent, sensuum
1233 310 2209 367 instrumenta laedunt, enixè tamen calefaciunt, &
1246 355 2191 414 prolixè molliunt, si quis diutiùs immoretur, prae
1237 407 2202 476 sertim uterum, vesicam & colum. praeterea aqua
1234 449 2095 521 intercute affectis peridonea sunt. Galenus.
1432 500 1920 581 – De balneis ferreis.
1283 542 2210 631 INFRIGIDANT, exiccant, stypticant. Prosunt
1248 621 2200 677 calidis & humidis morbis, astmati, podagrae, &
1252 669 2197 726 articulorum dolori, ventriculi debilitati & mol¬
1246 708 2197 776 litiei, aurium saniei, fluxui stomachico, hydropi,
1248 770 2197 826 colicae, fluxui mensium, & urinae, haemorrhoidi¬
1248 813 2176 888 bus, ani egressioni, venenis, &c. Fuchsius, & alii.
1288 863 2020 948 – De balneis cupreis, & aereis.
1296 913 2208 990 BALNEA cuprea & aerea calefaciunt, siccant,
1241 979 2209 1037 abstergunt, resolvunt, incidunt, stypticant, incar¬
1241 1024 2215 1091 nant, mundificant, consolidant, constringunt.
1251 1075 2209 1146 Proinde articulorum doloribus, podagricis, asth¬
1241 1129 2210 1181 maticis, nephriticis, ulceribusque malignis, ocu¬
1241 1177 2211 1242 lis, ori, tonsillis, & uvae auxiliantur; conferunt
1241 1225 2213 1298 morbis frigidis & humidis, laxitati, & rupturae
1244 1277 2210 1347 membrorum, contusis membris, vulncribus ma¬
1241 1326 2209 1401 lè curatis, cutis malis, carbunculo, carni excre¬
1244 1377 2218 1461 scenti, visui, carni superfluae in naribus, vel ano,
1233 1418 2160 1502 hydropi, alvo constipatae, &c. Fuchsius, & alii.
1408 1476 1917 1553 – De balneis aureis.
1294 1536 2233 1605 BALNEA aurea calefaciunt, & siccant. Proin¬
1239 1572 2250 1663 de doloribus colicis, volvulo, fistulis, podagrae.
1233 1650 2232 1707 ac malignis ulceribus succurrunt. Prosunt item
1243 1690 2218 1749 ventriculo frigido, calculo, rupturis, oculorum vi¬
1241 1746 2211 1791 tiis, scabiei & leprae, cutis malis, cordi, ejusque tre¬
1241 1786 2232 1851 mori, & affectibus, oris foetori. &c. Fuchs. & alii.
1406 1834 1909 1925 – De balneis gypseis.
1290 1880 2211 1965 BALNEAE gypseae infrigidant, exiceant, con¬
1248 1942 2220 2008 glurinant, oppilat. Prosunt fluxui fanguinis è nari¬
1234 2007 2220 2066 bus, ophthalmię menstruorum fluxui, & aliis om¬
1235 2051 2218 2128 nib. fluxionibus, calidis & humidis morbis, &c.
1410 2101 1908 2182 – De balneis mixtis.
1283 2148 2217 2228 BALNEA quae ex mixtis qualitatibus constant,
1239 2219 2220 2300 pro cujusque vincentis qualitatis ratione agunt.
1234 2266 2219 2323 Proinde ex iam commemoratis facillime o¬
1239 2306 2224 2389 mnium Germanię nostrae thermarum facultares
1241 2363 2218 2427 dijudicare licebit, modò mixturam ac constitutio¬
1235 2420 2227 2498 nem illarum perspectam habeamus. Quare ne quid
1233 2459 2228 2551 hac in parte desiderari possit, breviter earundem.
1235 2512 2233 2592 potissimùm earum, quae caeteris antecellere viden¬
1229 2572 2233 2652 tur, mixturae & vires exponendae sunt. Fuchsius.
1261 2612 2222 2721 De thermiis Germaniae, & primò de balneis.
1431 2694 2001 2783 Curiensibus sive Piperinis.
1276 2749 2274 2847 In CURIENSI dioecesi thermae sitae sunt, quae
1233 2808 2227 2896 Germanis Pfeffersbad dicuntur: hoc est, piperina
1225 2871 2231 2945 balnea. Constant mixtura auri, sulphuris, ferri¬
1222 2922 2233 2994 aeris, & nitri. Harum aqua non continuò manar.
1226 2970 2232 3035 sed tertio die Maji erumpit, decimo verò quarto
1226 3014 2232 3097 Septembris iterum sese subducit. * Mirificè do¬
1216 3070 2239 3150 loribus capitis confert, memoriam roborat, visum
1221 3121 2266 3190 auditumque asuit: cerebri obstiuctiones ac ner¬
1216 3173 2230 3245 vorum aufert, articulorum doloribus, ulceribus.
1209 3216 2235 3304 fracturisque ossium succurrit. Valent praeterea ad
2057 3285 2227 3364 articu¬
