2479 3508
699 112 1091 172 AnUGOLarII
1121 110 1399 170 IDCCIIIIS
1464 112 1613 172 LID.

219 177 1200 240 omnia, quae Marchionis thermae, possunt. Viris A jorique exiccandi eorum quae in partium cavita¬
221 229 1200 286 tamen magis, quàm mulieribus competunt. Sunt tibus delitescunt, facultate praeditae. Proinde pro¬
229 265 1200 339 praeterea salubres fluxionibus & humiditati capi¬
219 322 1195 381 tis, oblivioni, pectoris angustiae, asthmati, sputo
220 373 1192 426 sanguinis, empyemati, oculorum lippitudini: pro¬
208 427 1198 491 sunt calculis mirificè tam renum, quàm vesicae,
222 471 1188 530 obstructionibus jecoris & lienis, hemicraniae, con¬
223 518 1186 590 tractis, tremulis, ventriculi ardoribus, & flatibus,
219 570 1186 632 ventriculo & intestinis crassis & pituitosis hu¬
225 621 1186 681 moribus repletis, lassitudini, fastidio cibi, urinae
223 670 1203 720 retentioni, stranguriae, colicae, podagrae, scabiei, B quoque mattici ascendenti, vel descendenti, ob¬
232 717 1187 786 ulceribus dolorosis, cutis vitiis, & externis cor¬
231 769 968 844 poris vitiis omnibus. Fachsius, & alii.
442 811 945 897 De balneis Cellensibus.
266 870 1187 947 Haud procul à Martiana sylva CELLENSES
221 928 1184 990 sunt thermae, quarum mixtura ex modico sulphu¬
216 979 1192 1047 re, alumine & cupro constat. * Succurrunt diu¬
219 1032 1196 1089 turnis febribus ex pituitosis simul & biliosis hu¬
218 1080 1198 1139 moribus ortis, ulceribus diuturnis & malignis, ar¬
227 1130 1187 1195 ticulorum doloribus appetentiae caninae: ac prae cae¬
227 1181 1204 1243 teris thermis conveniunt calidis & siccis tempe¬ C ferunt doloribus capitis, nervorum resolutioni¬
221 1234 1204 1284 ramentis. Valent contra calculos, dysenteriam, bus à coli doloribus factis, & ulceribus malignis.
227 1280 1204 1340 fluxusque alios ventris, marasmum, pectoris an¬ Valent praeterea contra hepatis & renum, ventri¬
233 1335 1204 1404 gustiam, pleuritidem, peripneumoniam, tussim culique fervorem, nervorum, & articulorum dolo¬
224 1388 1204 1436 siccam, & asperam, urinae ardores, defluxiones, rem, & duritiem, menses inordinatos, sterilitatem,
215 1429 1204 1496 bilem utranque, maniam, melancholiam, icterum, abortum, scabiem, & cutis vitia. Porrò non procul
226 1483 1204 1541 quartanam, hydropem, vomitum, ventriculi in¬ à Lanstein oppido ultra Rhenum profluunt aquae
217 1538 1204 1591 temperiem frigidam & humidam, ejusque humo¬ calidae, Ems appellatae: constant autem ex sul¬
216 1580 1189 1640 res, mordicantes uteri & renum inflammatio¬
227 1628 1204 1678 nes, arthtitin, narium fanguinis fluxum, menses: contra sensuum defectus, asthma, humores cras¬
222 1675 1204 1735 immoderatos, obstructiones jecoris & lienis, D sos, pituitosos ac tenaces, spirandi difficultatem,
226 1730 1204 1786 cholerica mala, vulnera incurabilia, lassitudi¬ colicam, ani rhagadias, rimasve: valent praeterea
219 1776 745 1850 nem, & cutis vitia. Iidem.
412 1820 1005 1915 De balneis Geppingensibus.
279 1877 1185 1954 IN WIRTENBERGENSI ducatu ad, Gep¬
227 1939 1192 2016 pingam oppidum thermae sunt, quae Germanicè
218 2007 1194 2066 Saurbrunn / hoc est, acidus fons appellantur. Ex
224 2045 1170 2105 acidis, quibus exigua sulphuris accessit portio,
221 2093 1191 2159 harum mixtura constat. * Prosunt partibus cor¬
227 2139 1185 2207 poris luxatis, ideoque ventriculum ac jecur potissi¬
215 2165 1242 2255 mum corroborant. Hydropicis & regio morbo [E]
209 2245 1185 2295 correptis, humoribus putrefactis, volvuloque opi¬
213 2290 1189 2350 tulantur. Lumbricos quoque si bibantur, enecant.
217 2342 1195 2404 Prosunt praeterea contra omnes obstructiones
224 2398 1199 2455 renum, & vesicae, putrefactiones, inflammationi
217 2441 1188 2512 hepatis, splenis ardores, testium inflammationes
222 2486 1189 2543 & tumores, febres tertianas, illacam, fluxus ven¬
210 2538 1175 2590 tris, menstruorum fluxum superfluum, colicam bi¬
209 2585 1179 2657 liosam, inappetentiam, lumbricos, ulcera, scabiem,
223 2644 1185 2704 pruritum, spitandi difficultatem, pectoris com¬
221 2698 1224 2760 pressionem, sitim, sanguinis fluxum ex naribus, [F]
217 2744 1193 2798 aliisque locis, ventriculi imbecillitatem, omnes mor¬
227 2789 1187 2848 bos cholericos, omnes morbos, tam internos
215 2840 1203 2903 quàm externos, ortos ex putrefactione: semen
221 2890 1151 2958 augent, & Venerem stimulant. Fuchsius, & alii.
448 2935 954 3007 De balneis Avvensibus.
259 2969 1192 3063 THERMAE, quae in AV sunt, prope Rotenbur.
219 3059 1187 3117 gum ad Nicerum situm, similem cum modò di¬
218 3101 1176 3161 ctis mixturam obtinent: copiosiore tamen sulphu¬
211 3145 1182 3210 ris portione constant, ideoque minùs prioribus
216 3199 1169 3271 acidae: quo etiam nomine calidiores existunt, ma¬
1200 176 2211 241 omnia, quae Marchionis thermae, possunt. Viris A jorique exiccandi eorum quae in partium cavita¬
1200 220 2213 287 tamen magis, quàm mulieribus competunt. Sunt tibus delitescunt, facultate praeditae. Proinde pro¬
1253 273 2208 332 sunt tremulis, convulsis, contractis, podagrae, chi¬
1243 367 2213 434 ris & lienis, hepaticis, spleniticis, ictericis, febri¬
1241 324 2216 375 ragrae, ischiadi, omnibus obstructionibus jeco¬
1248 470 2218 535 bis ex putredine ortis, hydropicis, ructui, inap¬
1251 421 2213 486 bus cholericis, putrefactionibus, omnibus mor¬
1240 526 2205 584 petentiae, vomitui, ventriculo vitioso, catarrhis,
1240 581 2208 630 nephriticis, vesicae, malis, apostemati matricis,
1203 668 2208 720 retentioni, stranguriae, colicae, podagrae, scabiei, B quoque mattici ascendenti, vel descendenti, ob¬
1243 618 2218 682 eiusque tumori, dolori, & aliis vitiis. Conferunt
1243 717 2213 784 structae, refrigeratae, sterilitati, nervis induratis,
1246 766 2218 831 refrigeratis, colicae, iliacae, lumbricis, tormini¬
1243 816 2218 888 bus, ulceribus, tumoribus pituitosis, scabiei, pru¬
1245 864 2221 943 ritui, & cutis vitiis aliis, omnibus denique morbis
1257 916 1869 990 phlegmaticis Fuchsius, & alii.
1457 956 1981 1048 De balneis Emsensibus.
1242 1081 2212 1144 tiensem vocant; thermae habentur, EMBS dictae,
1290 1000 2220 1090 IN FINIBUS lacus Podmici, quem Constan¬
1204 1174 2205 1248 teris thermis conveniunt calidis & siccis tempe¬ C ferunt doloribus capitis, nervorum resolutioni¬
1245 1131 2205 1180 aluminis & nitri mixtura participantes. * Con¬
1204 1228 2213 1285 ramentis. Valent contra calculos, dysenteriam, bus à coli doloribus factis, & ulceribus malignis.
1204 1330 2208 1393 gustiam, pleuritidem, peripneumoniam, tussim culique fervorem, nervorum, & articulorum dolo¬
1204 1303 2220 1333 fluxusque alios ventris, marasmum, pectoris an¬ Valent praeterea contra hepatis & renum, ventri¬
1204 1383 2199 1443 siccam, & asperam, urinae ardores, defluxiones, rem, & duritiem, menses inordinatos, sterilitatem,
1204 1481 2208 1546 quartanam, hydropem, vomitum, ventriculi in¬ à Lanstein oppido ultra Rhenum profluunt aquae
1204 1430 2223 1493 bilem utranque, maniam, melancholiam, icterum, abortum, scabiem, & cutis vitia. Porrò non procul
1204 1557 2207 1584 temperiem frigidam & humidam, ejusque humo¬ calidae, Ems appellatae: constant autem ex sul¬
1259 1577 2215 1639 phure, alumine, chalcantho, & nitro quae faciunt
1204 1627 2205 1681 nes, arthtitin, narium fanguinis fluxum, menses: contra sensuum defectus, asthma, humores cras¬
1204 1679 2207 1736 immoderatos, obstructiones jecoris & lienis, D sos, pituitosos ac tenaces, spirandi difficultatem,
1204 1727 2219 1789 cholerica mala, vulnera incurabilia, lassitudi¬ colicam, ani rhagadias, rimasve: valent praeterea
1239 1825 2220 1894 tus, & fluxiones, resoluta membra, renum lapides,
1249 1778 2217 1833 contra rimas pudendi muliebris, ventriculi fla¬
1243 1879 2196 1939 matricis mala frigida, sterilitatem, ulcera vetu¬
1244 1923 2214 1987 sta. Prosunt quoque abscessibus frigidis, poda¬
1234 1974 2209 2042 grae, arthriticis, fluxui ventris, impotentiae natu¬
1241 2074 2139 2146 vorum contractioni, & cutis vitiis, &c. Iidem.
1241 2025 2201 2081 rali, infixis corpori, scabiei, pulmonis vitiis, ner¬
1401 2126 2027 2218 De balneis Gebersvilensibus.
1282 2179 2202 2279 IN ALSATIA prope Gebersweiter thermae
1237 2250 2210 2330 sunt, quae ex mixtura aluminis, nitri & ferri con¬
1232 2299 2202 2358 stant. * Opitulantur lienosis, quartana laboran¬
1245 2352 2201 2416 tibus, ulceribus sordidis, & omnibus vitiis curis.
1237 2401 2212 2459 Sanant praeterea melancholiam, vigilias, ventri¬
1241 2451 2209 2521 culi imbecillitatem, menses albos, capitis mala,
1241 2497 2206 2567 leptam recentem, morphaeam, vertucas, herpe¬
1247 2548 2203 2624 tem, tussim antiquam, impetiginem, serpiginem,
1241 2599 2216 2657 pustulas parvas, nodos, cancrum, & scabiem.
1240 2648 1561 2725 Fuchsius, & alii.
1349 2696 2099 2803 De balneis Carolinis, sive Ellenbo¬
1614 2782 1818 2864 gensibus.
1279 2839 2210 2916 Apud ELLENBOGIUM in Bohemia op¬
1230 2894 2208 2970 pidum thermae, sulphuris & aluminis mixturam
1235 2951 2215 3020 obtinent. Curant glandulas; strumas, genuum
1241 3000 2206 3061 tumores, paronychias, coxarum dolores, un¬
1228 3048 2204 3120 guium scissuras, paralytica & contracta membra,
1238 3105 2208 3158 capitis dolorem frigidum & humidum, lethar¬
1239 3144 2207 3216 gum, carum, memoriae corruptionem, dolorem
1238 3194 2198 3281 spinae, vertiginem, renum & vesicae calculos, stu¬
2025 3245 2201 3323 porem,
