2479 3508
723 86 1117 146 AnUGOLAIII
1150 80 1428 140 IDCCIdIIS
1480 80 1635 140 LID.
1668 82 1738 142 I.

215 156 1221 214 quodammodo tepida est & potui grata.
235 211 313 271 bris
330 208 497 268 resolutis
515 206 598 266 vires
620 203 794 263 restituit:
811 199 1039 259 podagram,
1051 196 1208 256 colicos.

225 242 1211 315 que dolores curat: iis tamen hujus balnei usus
233 296 1210 361 est infensissimus, qui Veneri nihilominus indul¬
233 345 1207 424 gent. Porrò sanat hoc balneum matricis vitia
233 402 1212 476 phlegmatica, sterilitatem tam in mulieribus, quàm
221 447 1212 516 in viris, tumores pituitosos, hydropes, ventricu¬
234 503 1212 566 li vitia, anorexiam, inappetentiam, tormina, cal¬
230 550 1211 610 culum renum, nervorum imbecillitatem, scabiem,
233 604 952 690 pruritum, & alia cutis mala. Idem.
462 659 969 737 De balneo Sultzbrun.
286 696 1213 783 Est acidula quoque in ditione Trevirensi pro¬
236 770 1217 842 pe oppidum Meyn / quae nominatur Sultzbrun:
237 813 1213 884 & constat sale, alumine atque chalcantho. Utilis
239 867 1210 931 autem est cerebro, capitis defluxionibus, ventri¬
238 926 1214 978 culo imbecillo, ventri indurato, difficultati spi¬
238 964 1212 1027 randi, calculosis, mensibus albis, foecunditati mu¬
220 1016 1214 1092 lierum; podagrae, nervorum duritiei, scabiei, &
233 1074 670 1154 cutis vitiis. Rulandus.
423 1115 1032 1205 De balneis Badenvilensibus.
283 1156 1213 1246 BADENVILENSE balneum, quod intra Fri¬
233 1230 1221 1300 burgum & Basileam situm est, multum sulphu¬
233 1295 1214 1350 ris, salis autem petrae & aluminis modicum ob¬
237 1333 1206 1399 tinet: in scaturigine quodammodo tepet, sed ca¬
224 1377 1203 1448 lor hic aliarum aquarum influxu deperditur. * Po¬
240 1436 1221 1495 tu viscerum tollit obstructiones, longasque pellit
226 1490 1217 1555 febres, menstrua movet, asthmaticis competit,
230 1545 1211 1606 & imbecillis ex frigore ventriculis: ejus lotio con¬
230 1582 1226 1655 tusis & luxatis medetur, scabiem, psoram, aliasque
244 1635 1206 1702 cutis maculas emendat: ulcera maligna & pha¬
240 1682 1221 1763 gedaenas curat. Doloribus praeterea ventriculi,
245 1714 1225 1807 jecoris, lienis, intestinorum & uteri confert, tu¬
233 1783 1209 1848 moribusque eorum: item cachexiae, lentigini, viti¬
228 1829 1217 1907 ligini, articulorum imbecillitati, & doloribus
235 1882 1216 1963 prosunt: curant denique podagram, intestina refri¬
240 1943 1213 2008 gerata, nervorum frigida & humida vitia, & cal¬
230 1987 791 2067 culum, &c. Fuchsius, & alii.
386 2036 1053 2116 De balneis Wattenvilensibus.
290 2092 1210 2163 WATTENVILENSES balneae in Alsatia su¬
244 2157 1208 2224 periori sulphuris & salis petrae naturam obti¬
227 2205 1210 2278 nent: * quò fit ut asthmaticis conducant & iis
238 2263 1214 2322 qui frigidiore sunt ventriculo: nervos humidio¬
229 2304 1208 2376 res confirmant, renibus etiam arenosis meden¬
237 2347 1215 2421 tur. Sanant praeterea asthma, dyspnoeam, anore¬
237 2408 1208 2469 xiam, lassitudinem membrorum, calculum renum,
239 2453 1211 2523 tumores, ulcera, scabiem, pruritum, cutis vitia,
226 2509 1114 2579 morbos phlegmaticos, & humidos. Iidem.
413 2558 1021 2643 De balneis Willingensibus.
288 2618 1212 2692 WILLINGENSES ad Herciniam sylvam si¬
234 2700 1215 2749 tae (quod Novum balneum appellatur) sulphur,
235 2735 1220 2798 & alumen suis produnt viribus: * si quidem &
234 2786 1209 2861 defluxiones exsiccant, stomachumque & imbecil¬
238 2844 759 2919 la membra corroborant.
377 2888 1047 2981 De balneis Brintzbachensibus.
286 2955 1226 3028 BRINTZBACHENSES cupro constant
234 3012 1219 3088 & ferro: * hinc earum aqua si bibatur, febres
235 3074 1208 3131 absumit quartanas, & lienis obstructiones libe¬
233 3121 1217 3178 rat. Externa lotio visum acuit, calculo renum
228 3173 1219 3234 utilis, ulcera maculasque terget, leprasque incipien¬
237 3226 1208 3297 tes. Sanat praeterea quartanam, abscessus vete¬
1221 145 2184 215 [A] res, pruritum, scabiem, & impetiginem.
1462 205 1534 265 De
1556 203 1701 263 balneis
1716 200 2041 260 Kibbadensibus.

1318 248 2247 319 BALNEUM (quod Kibbad nominatur) unum
1272 303 2250 367 distans à Friburgo miliare, suas à cupro & pau¬
1265 360 2256 417 co sulphure vires habet: * oculis est accommo¬
1259 404 2262 470 datissimum, calculos renum expellit, & malignas
1260 465 2245 522 curat scabies, pruritumque compescit. Sanat prae¬
1259 509 2247 570 terea asthma, raucedinem, vocis nocumenta,
1273 562 2241 611 thoracis frigidos affectus, hydropem, ulcera ma¬
1269 609 2247 678 ligna, tumores, oedemata, fistulas, gangraenas, pu¬
1260 664 2250 722 stulas, cancrum, stupores, convulsiones, ventricu¬
1268 706 2251 772 lum imbecillem, articulorum morbos, mollisi¬
1276 760 2261 823 cationem nervorum & membrorum, omnes de¬
1261 809 1984 882 nique affectus frigidos & humidos.
1491 869 2009 955 De balneo Glotterbad.
1324 934 2243 1020 Quod verò Glotterbad dicitur intra Fribur¬
1274 989 2258 1058 gum & Waldkirchen situm, sua scaturigine cu¬
1283 1021 2251 1106 prum profert cum pauco sulphure: * ictericis uti¬
1270 1085 2251 1166 lissimum est, lienis etiam obstructiones expedit,
1276 1141 2254 1200 frigido & humido ventriculo & bulimiae con¬
1263 1187 2253 1261 ducit, ut & febribus diuturnis. Curat praeterea
1261 1246 2254 1300 oculorum caliginem, oris, glandularum & uvae
1274 1293 2272 1367 vitia, narium & sedis excrescentias, ulcera sordi¬
1264 1340 1833 1423 da, jecinerosos, & scabiem.
1438 1376 2059 1484 De balneo Zuckenthalensi.
1325 1442 2254 1536 BALNEUM Zukenthaler dictum non pro¬
1275 1516 2265 1577 cul à Friburgo & Waldkirchen distans, sulphur
1277 1562 2263 1625 in se continet, alumen, sal & halinitrum: * quo
1274 1612 2259 1671 fit ut hydropicis, asthmaticis, utero refrigerato
1268 1670 2261 1727 & albis menstruorum profluviis conducat: com¬
1225 1704 2231 1785 [D] petit etiam scabiosis & lassitudini. Confert prae¬
1277 1757 2252 1825 terea convulsionibus, stupori, oculorum caligi¬
1268 1809 2248 1877 ni, aurium tinnitui, congelationi, subeth, molli¬
1269 1865 2264 1926 ficationi nervorum, paralysi, oscitationi, ructui,
1268 1913 2259 1970 scrophulis, pruritui, pustulis, polypo, acrochor¬
1268 1960 2249 2022 donibus, maculis, tumoribus flatuosis, difficul¬
1276 2018 2247 2075 tati spirandi, omnibus morbis frigidis & humi¬
1276 2063 2261 2124 dis, ulceribus malignis & serpentibus, omnibus
1265 2114 1709 2197 denique cutis vitiis.
1475 2157 2040 2262 De balneo Vogtspergensi.
1319 2211 2265 2306 VOGTSPERGENSE proximum oppi¬
1266 2283 2263 2349 do quod Burcken dicitur, in Alsatia situm, copio¬
1274 2342 2257 2405 sum prodit halinitrum, aluminis parum & sul¬
1283 2389 2271 2470 phuris: * ad scabiem, pruritum & lassitudinem
1284 2447 2257 2506 valet: aqua pota viscerum tollit obstructiones,
1262 2503 2272 2562 icterum curat & febribus adeò conducit, ut qui
1263 2542 2270 2605 hac in cibis & potu assiduè utuntur, à febribus
1267 2595 1674 2675 immunes existant.
1509 2630 1988 2723 De balneo Sultzensi.
1320 2685 2278 2786 SULTZENSE balneum à Friburgo milia¬
1268 2767 2270 2829 ria duo distans prope oppidum Suitzberg dictum,
1267 2815 2290 2881 sale constat, & bitumine: * tumefactis conducit
1277 2857 2280 2928 genitalibus uteroque & nervis imbecillis, & qui¬
1275 2912 2280 2971 bus à colica vires dejectae sunt. Hoc habet in¬
1265 2967 2280 3038 commodi: nam si caput hac aqua madefiat, ni¬
1268 3014 1839 3090 mia humiditate intumescit.
1291 3038 2286 3147 SULTZENSE à pago Suitz dictum, à Moltzhe¬
1356 3114 2199 3197 mio medium distans miliare, vires Hu¬
1523 3165 2003 3241 berensium balnearum
1644 3213 1873 3296 aemulatur.
2099 3276 2162 3336 De
2179 3282 2282 3342 Fon¬
