2479 3508
302 147 328 207 2

1119 133 1213 193 De
1250 131 1466 191 Aqua.

2137 128 2229 188 22

388 178 1104 292 De Fontibus Acidis & primò de
562 263 941 347 balneis Aegrinis.
309 311 1230 396 ACIDI fontes hi sunt in Germania notissimi:
263 373 1236 441 in sylva Bohemica in urbe Aegera fons est qui
266 412 1234 491 Acidulus nominatur,; & in vicinia plures quos
259 478 1234 535 Feroces appellant: mixtum in his est cuprum & fer¬
257 520 1230 579 rum chalcantho.* Pota horum aqua, viscerum calo¬
265 573 1223 639 rem, febresque fugat internasque tollit obstructio¬
264 631 1227 693 nes, & quicquid in corpore pravum delitescit,
263 672 1234 741 evocat: ventriculum roborat, dejectamque restituit
259 713 1252 791 appetendi facultatem, mulierum menstrua sistit,
257 780 1227 834 aliasque pręter naturam factas haemorrhagias: lo¬
255 818 1236 899 tio scabiem, maculas & alia cutis vitia emendat.
412 864 1062 952 De balneis Uberkingensibus.
316 894 1242 990 UBERKINGENSE balneum in Ulmensium
258 979 1227 1054 ditione prope oppidum Geysingen in vico Uber¬
257 1046 1176 1108 tingen respondet viribus Geppingensi balneo.
462 1082 1054 1158 De balneis Nideravensibus.
323 1138 1232 1206 NIDERAVENSIS fons prope Rotenburgum
268 1201 1231 1255 civitatem ad Neccarum sitam ferrum sua scatu¬
264 1242 1230 1309 rigine prodit sulphurque copiosius quàm Gep¬
271 1303 1242 1361 pingensis, quibus etiam chalcanthum est admix¬
271 1349 1239 1404 tum: gratus est hujus aquę potus, quòd clara sit
272 1393 1230 1451 & translucens. Haud procul ab hoc alii duo fon¬
272 1443 1232 1505 tes scaturiunt prioribus efficaciores, ad inhaeren¬
262 1493 1159 1567 tes internis visceribus humores evocandos.
437 1540 1046 1622 De balneis Deynachensibus.
257 1636 1230 1708 mille distans ab oppido Kalb ob aciditatem po¬
317 1567 1243 1659 DEYNACHENSIS in Hercinia sylva passus
263 1699 1232 1758 tui acceptus est, suas à ferro, cupro, & chalcan¬
277 1797 1235 1869 expediendas utilis, sitim sedandam febresque &
280 1758 2255 1817 tho vires sortitur: * ad viscerum obstructiones
267 1894 1230 1966 tio externos cutis affectus emendat: ibidem
272 1845 1232 1907 icterum, stomachumque roborandum: externa lo¬
261 1943 1242 2008 alius quoque paulò altior conspicitur earundem
281 2002 460 2072 virium.
508 2024 988 2123 De balneis Federinis.
315 2081 1238 2177 IN RHAETIA fons est acidus quem Federis
271 2154 1242 2222 nominant, alumen continens & cuprum cum
286 2212 1242 2272 pauco sulphure: vinum acidulum claro colore
275 2260 1240 2317 & sapore imitatur: * ventriculi concoctionem
279 2312 1237 2370 juvat, & sanguinis sputo conducit, diuturnas fe¬
281 2367 1239 2424 bres, podagram & nimios mulierum fluxus cu¬
268 2399 1239 2470 rat, calidis & biliolis affectibus utilis existens.
282 2455 1250 2517 Spuma quam hujus aquae decoctio producit
278 2498 1244 2566 exiccata, & ulceribus aut abscessibus inspersa,
271 2555 717 2634 plurimum conducit.
435 2592 1071 2692 De balneis Antigastrensibus.
325 2652 1242 2743 AD HERCINIAE sylvae introitum prope op¬
284 2731 1240 2806 pidum Oppenacum dictum, fons exilit acidus
274 2798 1237 2844 alumen producens, sulphur & chalcanthi pa¬
287 2829 1245 2901 rum, qui Antigastrensis dicitur. * Caput, renes
272 2880 1242 2947 aliaque viscera expurgat: ventriculum non ta¬
278 2936 1264 2992 men ex quavis causa imbecillum roborat, sed,
282 2989 1240 3043 si sit pravis refertus humoribus. Ad cutis vitia
280 3046 1260 3102 plurimum quoque valet, ruptaque & contusa
275 3084 484 3158 membra.
422 3108 1083 3204 De balneis Birckenfeldensibus.
434 3201 1260 3258 In PALATINATU fontes duo sunt, quos
1224 159 2249 265 A Hundsruck nominant: ex ferro, cupro & chalcan¬
1298 248 2249 301 tho prodeunt: alter à planicie Byrkenfeld dicta
1292 292 2253 348 mille passus distat in sylva Eberswald. Alter pro¬
1293 343 2248 411 pe Leuningam haud procul ab urbe Symmern ma¬
1302 397 2253 451 jor est, & acidior. * calidiori ventriculo, & hepa¬
1283 455 2259 504 ti competens, lienis obstructioni, & artuum do¬
1291 492 2249 551 loribus. Ad cutis vitia plurimum valeret, si mo¬
1289 533 1893 612 dò medicis notior existeret.
1475 571 2040 668 De balneis Trevirensibus.
1345 630 2254 706 APUD TREVIRENSES tres sunt aciduli fon¬
1252 694 2255 771 [B] tes: unus prope monasterium S. Matthiae. Ter¬
1290 738 2263 798 ram luteam (Germanis Berggeei dicitur) & ferrum
1295 797 2261 860 praeterfluit. Oppletum pravis humoribus ven¬
1289 843 2262 905 triculum expurgat, & roborat, & appetentiam
1295 876 2248 959 excitat: lotio externos discutit tumores, & alia
1299 941 2265 997 curat cutis vitia. Alter prope pagum est quem
1292 992 2250 1047 Lonquich nominant, chalcanthum & ferrum pro¬
1301 1034 2246 1105 dens. Hic priore purior est & clarior. Tertius his¬
1288 1086 1893 1170 ce similis in Mettersdorff est.
1503 1121 2060 1221 De balneo Niderborn, &
1642 1202 1894 1279 Oberborn.
1245 1243 2257 1336 [C] * AD MOSERAM fluvium duo fontes acidi
1284 1313 2250 1387 iisdem penè viribus ex ferro, cupro & pauco chal¬
1299 1364 2255 1419 cantho erumpunt, quorum unus Oberborn / alter
1301 1409 2257 1470 verò Vnderborn aut Judenborn vocatur. * Viscerum
1295 1458 2253 1526 juvant concoctionem, & cibi fastidia discutiunt,
1297 1517 2250 1569 obstructum lienem & renes expediunt, & calcu¬
1292 1556 2253 1614 los expellunt. Ad alios etiam cutis affectus va¬
1293 1602 2254 1667 lent. Salutares praeterea sunt capitis defluxioni¬
1296 1653 2256 1718 bus, membris paralyticis, convulsis, aut ruptis,
1292 1713 2265 1769 nervis induratis, dolentibus, oculorum caligini,
1288 1794 2264 1875 nis fluxionibus quibuscunque: sudores immodi¬
1298 1862 2259 1912 cos compescunt: sterilitatem amovent: item tu¬
1283 1893 2256 1969 moribus omnibus, pruritui, scabiei, impetigini,
1298 1945 2271 2026 vitiligini, lichenibus, ulceribus, & externis vitiis
1295 2002 1622 2077 aliis conferunt.
1592 2044 1966 2125 De Conderthal.
1343 2100 2264 2169 IN VALLE quàm Conderthal vocant prope op¬
1305 2160 2266 2229 pidum Memmingen fons scaturit alumen refe¬
1293 2217 2263 2264 rens. halinitrum, & sulphur, cum pauco chalcan¬
1287 2252 2268 2320 tho.* Pituita ventriculum potu purgat, eundemque
1298 2316 2258 2379 roborat: lotione verò nervos ex pituita indura¬
1305 2357 2125 2431 tos emollit, & depascentia curat ulcera.
1594 2409 1963 2499 De Rassenheim.
1349 2449 2265 2543 FONS BASSENHEIMER dictus, haud pro¬
1304 2532 2269 2597 cul ab arce nobilis Antonii Waldthot / alumen
1297 2574 2273 2647 praeterlabitur, halinitrum & sulphur. * Potu vi¬
1303 2626 2266 2691 scosos ventriculi humores exterget, & viscerum
1302 2680 2262 2743 tollit obstructiones, lienis & uteri tumores dif¬
1307 2728 2062 2802 cutit, scabiem & lepram lotione curat.
1624 2774 1971 2852 De Kesselbrun.
1346 2828 2268 2890 PROPE pagum Mendich dictum, fons exi¬
1305 2900 2281 2951 mius instar ferventis in aheno aquae (unde no¬
1264 2932 2282 2997 men Kestelbron obtinuit) ex ferro, chalcantho &
1260 3042 2265 3100 tissimo compescit, & ventriculum toborat, he¬
1303 2992 2270 3052 cuprò ebullit. * Calorem & sitim sapore gra¬
1305 3080 2273 3153 par concalefactum refrigerat, lienis & renum
1299 3134 2280 3196 obstructiones solvit, bilem purgat, hinc febres
1260 3187 2248 3257 diuturnas excutit: nephriticis conducit & nec¬
