2479 3508
188 45 277 153 25
1046 44 1239 126 De Aqua.
2152 41 2290 131 26
191 112 1239 210 curat lethargum, apoplexiam, paralysim, verti¬
184 195 1239 267 ginem, stuporem, nervos debiles, jecoris lienisque
189 250 1239 310 obstructiones, colicam, iliacam: varia vitia ma¬
182 295 1239 363 tricis, menses retentos, sterilitatem mulierum,
190 354 1210 422 podagram, arthritidem, pruritum, scabiem, &
174 396 1215 456 omnia cutis vitia. Calculos in renibus & vesica,
189 451 1209 518 frangit, expellitque: oculorum lippitudinem sa¬
175 500 1213 559 nat: valet contra aurium fluxum, & tinnitum:
188 552 1200 619 contra tumores, hydropem, sciaticam, tremo¬
184 600 1202 674 tem membrorum, jecoris, splenis, matricis, alio¬
180 651 1207 727 rumque viscerum frigiditatem: cachexiam tollit,
180 712 1192 782 stranguriam & urinae stillicidium persanat: me¬
179 769 1201 831 moriae debili confert: nec non visui, & auditui:
181 817 1201 897 appetitum excitat, omnia vitia mulierum, & chi¬
190 882 705 956 ragram persanat. Idem.
400 926 1094 1036 De balneo Dunckelbrun.
233 1006 1211 1086 JUXTA Brubach /oppidum ad Rhenum, acida
193 1064 1200 1130 est, quae vocatur Dunckelbrun / imbuta ferro, chal¬
187 1112 1214 1185 cantho, & nitro. Prodest calori stomachi, jeco¬
200 1169 1196 1242 ris, & renum: confert & ulceribus, nec non sca¬
201 1227 706 1313 biei, & cutis vitiis. Idem.
416 1254 967 1363 De balneo Ebenhausen.
208 1315 1215 1409 Fons acidus Ebenhausanus prope Geppin¬
217 1400 1198 1481 gam oppidum scaturiens, qualitate & viribus
202 1448 1074 1518 aequiparatur acidulae Geppingensi. Idem.
394 1502 997 1589 De balneis Etingensibus.
250 1561 1213 1632 Non longè ab urbe Basilea circa Etigium pa¬
254 1618 1209 1686 gum prosiliunt aquae, infectae multo aere, & pau¬
223 1660 1196 1730 xillo bitumine. Succurrunt autem capitis tineis,
224 1724 1187 1789 alopeciae, hecticis, ictericis, ventriculo imbecilli
224 1776 1213 1834 & praehumido, cachexiae, ulceribus putridis, car¬
202 1818 1211 1888 bunculo, anthraci, convulsionibus, membris ri¬
208 1876 1217 1964 gidis, nervorum molliciei, scabiei, & cutis vitiis.
381 1933 932 2022 De balneis Fliechen.
244 1962 1202 2072 CIRCITER mille passus à Basilea civitate
199 2049 1208 2111 sunt balneae: quae prosunt contra humores su¬
194 2107 1209 2161 perfluos, contractionem membrorum, uteri ma¬
199 2159 1213 2225 la frigida,. vomicas, ulcera putrida, nervorum im¬
197 2206 1020 2285 becillitatem, scabiem, & alia cutis vitia.
445 2263 968 2366 De balneo Jungbrun.
226 2339 1217 2418 PROPE Rotweil oppidum balneum Jungbrun
178 2402 1226 2473 nominatum à multis commendatur, adversus
178 2452 1208 2518 omnia vitia matricis, consumptos ex morbo. re¬
191 2509 1208 2582 ficit enim: ulcera sanat: curat morbos capitis,
190 2560 1024 2633 pruritum, scabiem, & omnia vitia cutis.
491 2610 923 2693 De balneo Kerlich.
214 2661 1218 2734 ACIDA in Kerlich vico, ex alumine & ferro
192 2727 1196 2801 profluit. Utilis est ventriculo, membris nutrito¬
190 2780 1212 2843 riis, sanguinis fluxui sistendo, lieni extenuando,
185 2834 788 2917 scabiei, & alis cutis malis.
441 2878 957 2983 De balneo Kesvvasser.
228 2929 1207 3032 PROPE oppidum Ebingen existit balneum,
194 3014 1214 3089 quod incolae nominant Keswasser: imbuitur sa¬
184 3072 1211 3132 le nitro, sulphure, & pauco aere. Utile est capitis
191 3112 1218 3190 defluxionibus, catarrhis, oculorum lippitudini,
194 3169 1214 3239 ophthalmiae, aurium humiditati, auditui debili,
192 3231 1214 3295 artuum dolori, articulari morbo, podagrae, chi¬
184 3273 1206 3332 ragrae, nephriticis, calculo renum & velicae: ob¬
218 3328 1212 3419 structiones jecoris, lienis tollit, ictero succurrit:
1239 87 2274 172 [A] ventriculi vitio opem fert: confert appetitui prostra¬
1239 178 2280 251 to, ulceribus, scabiei, pruritui, fluxionibus omni¬
1239 236 2272 313 bus, & morbis phlegmaticis, sed viris potiùs
1239 289 1673 359 quàm mulieribus.
1507 310 2023 419 De balneo Kißingen.
1315 408 2299 468 ACIDA juxta Kissingen erumpit, infecta sale
1260 454 2298 524 multo, alumine ac chalcantho. Confert cerebro,
1258 522 2291 575 capitis defluxionibus, ventriculo imbecillo, consti¬
1275 561 2277 616 pationi ventris, difficultati spirandi, calculosis: men¬
1268 606 2298 673 struis albis, foecumditati mulierum, podagrae, nervis
1202 661 2233 739 [B] induratis, scabiei, & aliis cutis vitiis. Rulendus.
1373 725 2118 811 De balneo Kronenberg.
1281 789 2294 866 JUXTA Kronenberg oppidum est fons acidus,
1266 841 2276 916 ferro, nitro, & ochra imbutus. Valet contra ob¬
1271 900 2283 980 structiones viscerum, calculos renum, & vesicae,
1265 970 2178 1042 cibi fastidium, scabiem, & cutis vitia. Idem.
1516 1007 2011 1110 De balneo Leonstein.
1304 1058 2290 1161 Iu comitatu Leonstein aquae frigidę profluunt
1274 1145 2273 1215 ex alumine, sulphure, ac aere. Usus earum est ad¬
1216 1167 2274 1276 [C] versus febres antiquas, obstructiones viscerum,
1266 1246 2275 1307 sudorem superfluum, icterum, menses albos ru¬
1270 1297 2282 1369 brosque inordinatos, cholericos morbos, hydro¬
1269 1350 2286 1423 pem, abortum, calculum, cachexiam, artuum dolo¬
1256 1422 2289 1475 res, vomitiones, sputum Cruentum, ulcera, lassitu¬
1270 1454 2275 1524 dinem, impetiginem, vitiliginem, pruritum, sca¬
1268 1514 1904 1589 biem, & alia cutis vitia. Idem.
1480 1540 2062 1646 De balneis Laubatensibus.
1319 1604 2282 1699 Ad spatium duorum miliarium ab Ulma ci¬
1268 1674 2280 1736 vitate prope Urspring coenobium situm est hoc
1205 1699 2281 1818 [D] balneum sulphuratum, ac nitrosum. Confert omni
1273 1781 2277 1842 temperamento, omni aetati, omnibus vulneri¬
1263 1838 2285 1897 bus, & compunctionibus malè curatis: auxilia¬
1273 1884 2290 1956 tur ossium fracturis, capitis dolori, memoriae
1259 1937 2281 1997 imbecilli, visus obscuritati, omnibus defluxioni¬
1271 1988 2296 2054 bus, obstructionibus cerebri, atque nervorum:
1260 2043 2295 2107 confert apoplexiae, paralysi, veterno, stupori, las¬
1266 2094 2293 2161 situdini, auditui imbecillo, spasmo, articulorum
1264 2148 2287 2218 dolori, pruritui, scabiei, omnibus cutis vitiis, ul¬
1271 2196 2296 2261 ceribus, tumoribus, omnibus morbis matricis, &
1262 2250 2279 2314 [E] mulierum, mensibus albis, mensibus retentis, ste¬
1278 2301 2293 2370 rilitati, aliisque malis corporis, quae sanant Cel¬
1205 2362 1932 2439 lenses, & Pipetinae aquae. Idem.
1564 2403 1968 2493 De balneo Leuck.
1308 2473 2294 2546 AD oppidum Valesiorum nomine Lenck aquae
1273 2527 2290 2586 calidae extant copioso aere, & modico sulphure.
1277 2578 2281 2648 Valent adversus convulsiones, spasmum, pul¬
1263 2632 2280 2692 monis vitia, oculorum lachrymas & obscuritatem,
1270 2693 2290 2757 imbecillitatem stomachi ex intemperie frigida &
1282 2747 2297 2808 humida. Conferunt dyspepsię, cibi fastidio, jeco¬
1274 2789 2299 2852 ris & lienis obstructionibus, vitiis oris, glandula¬
1265 2838 2290 2898 rum & uvae: sterilitatem removent: contra abor¬
1282 2897 2286 2961 tum, vulnera incurabilia, catarrhos, & faucium
1272 2948 2287 3009 mala valent: prosunt & frigidis humidisque mor¬
1278 2992 2287 3065 bis: nec non membris fractis, convulsis & ru¬
1273 3046 2293 3127 ptis, calculo renum, & vesicae, hydropi: matricis
1265 3087 2303 3173 intemperiem frigidam humidamque curant: item
1266 3150 2286 3218 alvi duritiem, ulcera maligna, vel malè curata ad
1282 3212 2291 3273 sanitatem ducunt: contra narium defluxiones
1282 3256 2284 3325 nervorum aegritudines, colicam, renum dolores
1276 3308 2288 3392 mirificè auxiliantur: lassitudinem membrorum
