2479 3508
259 101 355 161 27

740 91 1143 151 Antidotarii
1169 90 1460 150 ipeciaiis
1511 94 1673 154 LID.
1691 96 1742 156 I

2183 112 2280 142 28
244 143 1220 223 tollunt, scabiem, & alia corporis externa egregie
244 210 584 280 persanant. Idem.
427 265 1044 337 De balneis Leuningensibus.
286 312 1230 396 JUXTA Lexingen ad oppidum Simmeren in
251 367 1224 443 ditione Hundernae / fons acidus inficitur ferro,
249 419 1218 491 aere. atque chalcantho. Prodest ventriculi, ac jeco¬
239 478 1235 549 ris inflammationi, obstructioni splenis, renibus
251 533 1040 614 calculosis, scabiei, & cutis vitiis. Idem.
447 585 1092 679 De balneis Loffingenfibus.
299 639 1223 722 AQUAE frigidae. sale, nitro, ac alumine con¬
251 707 1239 766 stant in Loffingen oppido Furstenbergensi: quae
249 765 1223 832 valent contra mehles albos, matricis strangula¬
251 814 1227 866 tiones / alvi constipationes, sterilitatem, sangui¬
254 862 1231 930 nis fluxum, defluxiones, capitis morbos frigidos:
251 915 1237 974 visus obscuritatem & aurium tinnitum tollunt:
248 967 1239 1035 flatus internos discutiunt, humores corporis su¬
250 1029 1232 1085 perfluos consumunt, pectoris angustiam & pul¬
248 1072 1234 1134 monis aegritudines phlesmaticas persanant: pro¬
252 1114 1238 1181 sunt quoque splenis inflationi, infirmo stoma¬
258 1166 1224 1236 cho, febribus antiquis, lassitudinibus, doloti spi¬
251 1217 1146 1279 nae, scabiei, & cutis corporis externis vitiis.
519 1269 985 1344 De balneo Lonquich.
299 1317 1235 1399 PROPE Treviros acidi fontes sunt, unus in
252 1385 1239 1461 Lonquich / alter in Mertersdorffvicis. Usus horum est
251 1434 1225 1520 contra ventriculum humidum, fastidium cibi,
249 1481 900 1561 tamores, scabiem, & cutis vitia.
467 1530 978 1627 De balneis Merteidorff.
284 1604 1236 1686 ACIDUS in Mertesdorff virtute aequiparatur
245 1643 1017 1737 superiori acidulae Lonquichicae. Idem.
492 1706 990 1782 De balneis Montebaur.
299 1772 1227 1834 IN ditione Trevirensi non longè à Montebaur
257 1816 1217 1888 oppido acidula emanat ferrata, sulphurata, & a¬
240 1867 1231 1937 luminata: quae confert ventriculo, jecori, lieni
251 1921 1223 1992 & intestinis: febribus, ulceribus, torminibus, sca¬
258 1976 1096 2029 bici, & reliquis cutis vitiis auxiliatur. Idem.
385 2028 955 2109 De balneo Neubad.
291 2088 1218 2148 AD oppidum Vilungen in Hercinia sylva, bal¬
242 2148 1228 2208 neae sunt frigidae, sulphure, & alumine imbu¬
250 2195 1218 2251 tae: quae prosunt lassitudini membrorum, nervis
239 2240 1215 2298 humidis, rigidis, & distentis, jecinorosis, spleni.
248 2299 1215 2357 ticis, ventriculo imbecilli, spasmo, fluxionibus,
237 2348 1227 2420 articulis imbecillis, morbis humidis, & cutis vi¬
251 2397 453 2467 tiis. Idem.
473 2428 980 2525 De balneo Saurenthal.
286 2492 1217 2572 CIRCA oppidum Bachatah acidula erum¬
268 2566 1224 2635 pit in valle, à cujus nomine vocatur Saurenthal:
255 2623 1218 2670 ferri, aluminis, ac nitri particeps. Utilis est ven¬
245 2663 1227 2724 triculo, jecori, lieni, articulis, tumoribus laxis,
247 2712 795 2780 scabiei, & cutis vitiis. Idem.
433 2763 1008 2868 De balneo Spiegelbergensi.
299 2821 1222 2923 IN comitatu Spiegeiberg/ non longè ab Hamel¬
248 2913 1227 2975 acida existit, ochra infecta: quae efficax est con¬
254 2964 1209 3022 tra chiragram, podagram, tumores, oedemata,
247 3008 1221 3085 tophos articulorum, resolutionem membrorum,
254 3055 1215 3107 torporem, & ulcera cava: sistit fluxiones: excre¬
239 3107 1212 3170 scentias carnis cohibet: visum acuit: curat lepram,
242 3157 1212 3218 impetiginem, scabiem, morbum Gallicum, vul¬
244 3210 1214 3279 nera: prodest demoniacit, ictericis, surdis, & mu¬
244 3261 448 3337 tis. Idem.
1499 140 2077 211 De balneo Svvenningensi.
1342 218 2298 296 MILLE passus ab oppido Pilungen in vico
1319 268 2295 330 Wirtenbergico, nomine Schwenvingen / frequen¬
1308 330 2290 391 tatur balneum, particeps sulphuris atque alumi¬
1301 373 2290 432 nis: quod sanat membra contracta, convulsa ex
1313 429 2296 489 colica, calculum renum, lassitudinem, ventriculi
1307 481 2293 546 mala, tumores, uteri affectus, pruritum, scabiem.
1302 525 1776 596 & alia vitia cutis. Idem.
1555 575 2022 664 De balneo Sylvestri.
1352 642 2293 702 BALNEAE sylvestres, vulgò Dudbad / in du¬
1303 696 2285 745 catu Wirtenbergensi non longe a Pfortzheim /
1311 747 2273 813 oppido effluunt calidae, infectae sulphure, sale, &
1297 798 2279 854 alumine: vel ut aliis placet, aere, & nitro, de qui¬
1313 852 1977 918 bus vide suprâ in balneis Ferinis.
1562 897 2001 981 De balneis Teplicis.
1349 957 2282 1027 MANANT hae thermae in Zeplitz Bohemiae
1302 1019 2286 1080 prope Graupum, & inficiuntur sulphure, nitro.
1308 1075 2286 1141 bitumine, alumine, saxoque calcatio: quae sanant
1313 1122 2277 1192 vertiginem, dolorem capitis, stuporem, tremo¬
1297 1168 2273 1222 rem, contractionem, nervorum contusionem, pa¬
1288 1219 2281 1294 ralysim, articulorum morbos, tumores artuum, stra¬
1303 1270 2283 1334 guriam: vermes necant: menstrua provocant: albos
1296 1318 2283 1393 sistunt: curant matiicem humidam, coxarum af¬
1298 1374 2278 1434 fectus, tumores inguinum, bubones, gonorrhoeam,
1295 1431 2285 1491 vulnera, ulcera serpentia, atque erodentia, hępatis
1290 1475 2277 1534 intemperiem, scabiem, lentiginem, vitiliginem,
1295 1522 2231 1581 impetiginem, maculas, & alia vitia cutis. Idem.
1499 1577 2084 1675 De balneis Vberlingensibus.
1336 1624 2281 1723 FONS frigidus, plumbo, xre, ac sulphure erun¬
1295 1703 2271 1771 pit juxta uberlingam civitatem: qui confert ne¬
1307 1755 2271 1821 phriticis, vesicae ac renum calculis, fluxionibus,
1311 1810 2283 1887 phlegmoni, hydropi incipienti, ardori urinae, &
1302 1857 2287 1920 ambustis: appetitum excitat, concoctionem ju¬
1295 1907 2277 1966 vat: prodest leprae incipienti, ventriculo malo.
1290 1960 2286 2028 membris imbecillis, impetigini, alphis, scabiei, &
1302 2002 1731 2066 aliis cutis vitiis. Idem.
1542 2054 2032 2139 De balneo Villacensi.
1340 2094 2280 2192 MANANT hae aquae in Norico propè Villa¬
1299 2176 2271 2254 chum, participes gypsi, plumbi & sulphuris: quae
1302 2227 2274 2284 sanant icterum, ventriculum vitiosum, & inte¬
1284 2283 2275 2343 stinorum mala: obstructiones viscerum reserant:
1289 2343 2275 2398 curant vigilias, scorbutum, pustulas, guttam rosa¬
1300 2382 2274 2449 ceam, verrucas, rimas, ulcera omnia, scabiem, &
1289 2433 1803 2506 cutis vitia alia, &c. Idem.
1499 2474 2038 2557 De balneo Waldsborn.
1343 2540 2279 2608 SYLVESTRIS fons, vulgò Waldsborn / erumpit
1298 2597 2272 2665 juxta sylvam Bitscherwald in comitatu Bitsch / &
1296 2652 2277 2712 imbuitur bitumine. Utilis est capitis fluxionibus.
1296 2704 2280 2768 catarrhis, aurium dolori frigido, capillorum deflu¬
1285 2754 2274 2824 vio, epilepsiae, raucedini & gravedini: dentium do¬
1283 2804 2272 2876 lorem tollit: oculorum Albuginem, & hypochysin cu¬
1295 2854 2275 2907 rat prodest tussi recenti, & veteri, dyspnoeę, ven¬
1290 2902 2267 2965 triculi dolori, & frigidis malis: flatus intestino¬
1295 2953 2267 3009 rum dissipat: curat tormina, & intestinorum ex¬
1298 3006 2277 3054 ulcerationes, ventris frigidam intemperiem, ob¬
1296 3053 2274 3108 structiones viscerum, indurata membra, ulce¬
1289 3103 2268 3160 ra maligna, vulnera difficilia: prodest calculo¬
1293 3154 2265 3214 lis, tumidis, vesicae inflatio nibus, matricis suffo¬
1277 3205 2192 3269 cationi, & praecipitationi, & flatibus: itemm
1281 3257 2257 3343 sibus retentis, podagrae, chiragrae, ischiadi, articu¬
2106 3309 2251 3384 lorum
