2479 3508
205 47 290 107 z9

1206 43 1758 121 De Aqua.
2173 48 2264 108 30

184 89 1202 170 lorum dolori, lumbricis, vulneribus, lepiae, mor¬
190 160 1205 218 sui serpentum, frigidis morbis, & dolotibus, liche¬
192 214 1117 282 ni, pruritui, scabiei, & aliis cutis vitiis. Idem.
425 264 994 376 De balneo Weringensi.
222 328 1215 432 BALNEAE Weringenses, tribus ab Augunta
180 383 1209 478 Vindelicorum miliaribus sitae sunt, in loco pla¬
181 471 1205 521 no, spatioso, amoeno, campestri, & palistri jux¬
180 506 1216 582 ta collem, quem accolae appellant Leute indeque
186 563 1209 639 balneae Leutebad / ab aliis Weringerbad /à pagi
184 609 1207 676 vicini nomine nomen accepêre. Sunt sulphura
189 663 1208 745 tae, bituminosae, & salsae aquae. Valent contra ap¬
177 712 1211 793 petitus amissionem plurimum, articulorum im¬
177 759 1206 842 mobilitatem, & dolores, à poplexiam, paraly¬
176 821 1210 896 isin. Siquidem pituitam è capite, pectore, ven¬
189 873 1212 932 triculo & intestinis evacuant: sanant relaxatio¬
181 926 1222 983 nem, stomachi dolores inflationes, & erudi¬
183 973 1207 1044 tates, oculorum lachrymas, ventris passiones,
180 1025 1214 1088 intestinorum lubricitatem, matricis mala, &
195 1078 1218 1136 dolores, hepatis intemperiem calidam, dolo¬
187 1127 1216 1198 res renum, disuriam, stranguriam, menses re¬
184 1184 1200 1240 tentos, sterilitatemi colicam, hydropem, jeco¬
192 1234 1213 1312 rin, & splenis frigiditatem: fluores sistunt; fi¬
195 1292 1213 1349 cum; synanchen, & uvae passiones curant, pro¬
197 1340 1210 1407 sunt chiragrae, podagrae. ischiadi, apostematis
208 1393 1204 1460 laxis, & tumidis, umbilico eminenti, calculo,
207 1453 1208 1511 asthmati, canino appetitui, tenesmo, scrophulis,
202 1502 1220 1566 ulceribus, furfuribus, & squamis capitis. Valent
221 1554 1216 1614 praeterea adversus àurium dolores, tumores ani,
226 1599 1200 1679 ultera purulenta, inflammata & indurata, sca¬
226 1654 1227 1727 biem ons torturam, foetorem axillarum, vermes,
232 1703 1209 1770 parus difficultatem, secundinae retentionem.
232 1768 1203 1840 pleuritidem, & morbos omnes frigidos atque
209 1810 561 1886 hamidos. Idem.
364 1839 1047 1950 De balneo Wolckensteinensi
253 1906 1212 2002 AQUAE istae prope Wolckenstein in Misnia a¬
203 1975 1211 2055 pud Hermunduros tepidae scaturiunt, imbutaeque
198 2035 1206 2099 sunt permulto alumine,. pauxillo pynte atque bi¬
191 2084 1215 2146 tumine: quae conferunt fursuribus capitis, lendi¬
183 2132 1209 2212 bas, pediculis, catarrhis, oculorum lachrymis, &
193 2194 1206 2258 pterygiis, aurium fluxionibus & dolontibus: ton¬
189 2248 1216 2308 illas suppuratas, & oris ulcera curant: prosunt
177 2293 1219 2374 & columellae laxatae & pendenti, gingivis tarnę
181 2349 1223 2413 superflua repletis, praehumidis, tumidis & infla¬
186 2400 1205 2458 tis: adversus dentium dolores, morphaeam, len¬
183 2454 1215 2521 tiginem, anhelosos, sanguinis sputum, dyspe¬
193 2512 1208 2577 ptiam, & anorexiam, auxiliantur, vomitiones
191 2555 1214 2618 compescunt: sanant ventriculum refrigeratum,
189 2610 1218 2670 hepatis & lienis obstructiones, & inflammatio¬
172 2664 1206 2726 nes, hydropem, diarrhoeam, & colicam pituito¬
187 2714 1216 2776 sam. Conferunt praeterea nephriticis, calculosis,
182 2764 1197 2823 vesicae ulceribus, apostematibus, & scissuris ute¬
176 2817 1210 2879 ri, sterilitati, menstruis albis, vel immodicis, vel
172 2869 1213 2930 inordinatis: haemorrhoides superfluos sistunt:
185 2928 1204 2990 alarum, & inguinum sudores & foetores tollunt,
174 2973 1216 3025 sudores immodicos prohibent: medentur unguium
188 3021 1219 3088 scabriciei, coli exulcerationibus, doloribus testi¬
179 3079 1213 3133 culorum, ambustis, pedum tumoribus. pernio¬
179 3125 1219 3200 nibus, strumis, varicibus, & suratum tumoribus.
188 3188 1217 3261 auxiliantur podagrae, arthritidi, coxatum dolque
173 3243 1209 3305 ribus, nervorum resolutionibus, nervis frigidis,
182 3288 1221 3370 contractis, uemulis, pruritui, scabici, imperigini,
1199 78 2288 173 [A] serpigini, & aliis cutis vitiis. Valent praeterea ad¬
1199 163 2275 218 versus humores, & dolores, in musculis reten¬
1264 214 2298 293 tos, tumores phlegmatieos, praeduros, & flatu¬
1272 266 2288 336 lentos: adversùs ulcera rebellia, maligna, putri¬
1272 318 2285 378 da, depascentia, & phagedaenica: duritiam sanant:
1264 367 2287 445 pus resolvunt: excrescentias carnis tollunt, cica¬
1272 423 2072 500 tricem vulneribus inducunt, &c. Idem.
1518 475 2040 548 De balneo Zollersbad.
1304 522 2286 597 PROPE oppidum Beidkirch ad Rhenum sta¬
1262 595 2293 660 turiunt aquae sulphuratae: quae sanant ventriculum
1255 636 2289 719 imbecillum, vomitum, anorexiam: tumores, ul¬
1269 700 2275 769 cera frigidos & humidos morbos, scabiem, pru¬
1268 756 1995 820 ritum & alia cutis vitia. Idem.
1381 803 2153 910 De Thermis Italiae ac primùm de
1407 874 1998 972 balneis Patavinis.
1311 922 2283 1017 IM COMITATU Patavino septem habentur
1275 991 2288 1071 thermae, quarum praecipuum ac famosius est bal¬
1262 1062 2291 1125 neum Ebani, à Padua quinque miliaribus distans
1268 1112 2291 1174 in confinibus ruris, Ebanum dicti, quod ex sul
1270 1164 2296 1227 phuris, aluminis, nitri, salis & calcis mixtura con¬
1217 1199 2274 1292 [C] stat. * Unde capitis dolori antiquo confert, pe¬
1278 1270 2294 1320 ctori humido auxilium praestar: unnitui & sibi¬
1264 1315 2285 1380 lationi antiquis medetur: ventriculum humidum,
1264 1369 2274 1453 hydropem, articulorum dolores, podagra, & u¬¬
1261 1427 1962 1508 cera corrosiva curat. Savonarola.
1314 1483 2042 1566 De balneo Porretano.
1316 1557 2283 1630 In COMITATU Bononiensi, thermae haben¬
1258 1603 2293 1682 tur (della Porretia dicto) quadraginta miliaribus
1227 1661 2292 1735 à Bononia distantes, quae ex alumine, pauco sul¬
1273 1720 2276 1779 phure, sale & nitro constant.* Omnem cerebri de¬
1200 1768 2281 1828 D bilitatem removent: oculorum ęgritudinibus sub¬
1265 1828 2280 1890 veniunt: auditum reparant: paralysi linguae opi¬
1270 1874 2293 1929 tulantur: asthmaticis conferunt: menstrua provo¬
1264 1929 2280 1984 cant: splenis & hepatis obstructiones tollunt: hy¬
1263 1975 2291 2040 dropem curant: calculos & arenulas ex renibus
1268 2037 2287 2096 pellunt: impraegnationi conferuni: matricis hu¬
1263 2083 2284 2147 miditatem resolvunt: passionibus nervorum, do¬
1272 2134 2280 2194 loribus juncturarum, podagrae, scabiei antiquae,
1268 2184 2117 2265 tettianae; & quartanae conferunt. Idem.
1530 2236 2008 2331 De balneo Corseno.
1212 2286 2275 2388 [E] IN COMITATU Lucano tria reperiuntur bal¬
1223 2360 2285 2426 nea, quorum primum ac praecipuum balieum de
1263 2424 2289 2484 Corseno nominatur, à civitate XVI. miliaribus
1269 2471 2284 2538 distans. Constat ex sulphure, alumine, & nitro.
1271 2524 2287 2595 * Quare calefacit & exiccat: calorem resolvit: ca¬
1273 2579 2288 2644 pius frigidis & humidis aegritudinibus opitula¬
1275 2627 2277 2682 tur: asthmaticis & juncturarum doloribus con¬
1266 2679 2294 2749 fert: sterilitati succurrit: ulcera curatu difficilia
1278 2746 1927 2796 curat atque exiccat. Savonarola.
1468 2791 2079 2870 De Sancta Maria in Bagno.
1323 2816 2279 2917 IN ROMANDIOLA Castrum est Sancta Ma¬
1273 2893 2297 2974 ria in Bagno nuncupatum) apud quod tria sunt
1266 2956 2292 3017 balnea, quorum mixtura ex sulphure, alumine,
1264 3010 2285 3070 ferro ac aere participat. * Haec catartho humi¬
1273 3045 2296 3133 do, sibilo, tinnitui, paralysi, epilepsiae, matricis
1266 3114 2279 3177 humiditatibus, juncturarum doloribus, scabio¬
1265 3164 2130 3244 lis, leprosis, & ulcerosis conferunt. Idem.
1529 3216 2000 3300 De balneis de Aquis.
1307 3273 2293 3357 IN PISARUM comitatu quinque habentur
