2479 3508
238 29 263 89 3
288 34 313 94 5

1077 28 1177 88 DC
1210 29 1437 89 ICIId.

2196 38 2279 98 34

221 103 444 163 CERRA
462 106 525 166 seu
543 109 692 169 BOLUS
711 112 941 172 ARMENIA
965 112 1102 172 Galeni
1120 113 1220 173 tem¬
1238 112 1275 172 A

326 157 417 217 pore
442 158 472 218 in
490 159 595 219 gravi
613 160 673 220 illa
692 161 906 221 pestilentia
924 164 1059 224 primum
1071 166 1114 226 in
1132 167 1224 227 lucem

324 209 452 269 venire
475 211 591 271 coepit
614 213 748 273 colore
765 215 946 275 pallido,
957 217 1079 277 hodie
1102 219 1237 279 duorum

210 262 257 322 est
269 262 453 322 generum:
465 263 595 323 alterum
607 265 785 325 orientale,
797 267 921 327 alterum
933 269 1099 329 nostras,
1111 271 1223 331 quod

214 314 342 374 multis
366 314 465 374 locis
482 314 658 374 nascitur,
670 316 734 376 ubi
752 318 834 378 sunt
857 319 939 379 ferri
957 320 1091 380 fodinę
1115 322 1219 382 utra¬

214 362 294 422 que
311 365 476 425 rubricae
493 367 636 427 species
658 368 715 428 est.
738 371 961 431 Existimant
983 373 1132 433 nonnulli
1149 373 1224 433 bo¬

213 416 294 476 lum
312 418 522 478 orientalem
534 419 574 479 ex
592 421 773 481 Armenia
796 422 959 482 advehi,
977 424 1093 484 esseque
1111 425 1215 485 illam

215 467 352 527 ipsam;
374 468 454 528 quam
471 470 642 530 Galenus
665 473 796 533 colore
819 475 984 535 pallido,
1001 476 1144 536 Arabes
1161 475 1223 535 lu¬

213 518 291 578 teo,
302 520 419 580 croco
441 521 603 581 similem
619 524 853 584 describunt.
864 527 1060 587 Caeterùm
1076 529 1160 589 cùm
1177 529 1221 589 il¬

208 574 236 634 la
258 574 298 634 sit
314 574 450 634 rubta,
461 574 518 634 non
535 575 602 635 abs
619 575 648 635 re
670 577 890 637 dubitatur,
901 580 941 640 an
958 580 1003 640 sit
1019 580 1132 640 bolus
1155 580 1222 640 Ar¬

216 625 364 685 menia.
386 625 466 685 Alii
489 626 626 686 putant
643 629 774 689 veram
802 631 870 691 esse
888 632 984 692 terram
995 632 1218 692 Lemniam,
1240 629 1274 689 B

213 676 297 736 quae
320 676 427 736 olim
455 677 579 737 caprae
596 680 776 740 imagine
799 683 1046 743 signabatur:
1063 685 1125 745 aut
1142 685 1226 745 eam

214 727 369 787 potiùs,
385 728 479 788 quae
495 730 650 790 Galeno
667 731 815 791 rubrica
838 733 997 793 Lemnia
1014 736 1196 796 vocatur,
1207 737 1223 797 à

211 778 297 838 terra
319 778 485 838 Lemnia
507 781 705 841 differens.
722 783 824 843 Nam
840 785 986 845 rubrica
1007 787 1147 847 manus
1163 787 1223 847 in¬

214 829 307 889 ficit,
323 830 416 890 terra
438 832 532 892 verò
554 833 729 893 minimè.
756 835 861 895 Utut
877 836 937 896 sit,
954 838 1222 898 existimamus

220 881 334 941 alteram
351 883 506 943 alterius
535 885 627 945 loco
650 886 822 946 usurpari
833 887 954 947 posse.
977 890 1155 950 Nostrate
1178 892 1223 952 uti

215 934 425 994 possumus
449 935 488 995 in
505 937 813 997 medicamentis
842 940 939 1000 foris
961 943 1223 1003 applicandis:

212 985 296 1045 imò
318 985 351 1045 &
363 986 491 1046 intus,
502 987 525 1047 si
541 988 608 1048 ritè
630 991 876 1051 praeparetur,
887 994 960 1054 hoc
971 995 1127 1055 modo:
1144 994 1227 1054 Ab¬

218 1036 341 1096 luatur
358 1039 532 1099 vulgatis
554 1040 678 1100 noster
700 1042 818 1102 bolus
835 1043 941 1103 acero
969 1045 1171 1105 acerrimo,
1188 1048 1227 1108 ut

228 1090 334 1150 quàm
356 1090 586 1150 putissimus
603 1091 648 1151 ab
671 1093 827 1153 arenosa
850 1096 1125 1156 commistione
1147 1099 1208 1159 red

229 1140 349 1200 datur,
365 1141 398 1201 &
414 1142 523 1202 iterum
534 1144 698 1204 puratus
714 1147 915 1207 exiccetur.
932 1148 1090 1208 Deinde
1112 1150 1221 1210 quod
1242 1150 1270 1210 C

216 1192 398 1252 siccatum
419 1195 486 1255 est,
497 1198 750 1258 ponderetur,
766 1201 1052 1261 tantundemque
1063 1204 1224 1264 ponde¬

220 1244 262 1304 iis
278 1246 380 1306 aceti
407 1247 589 1307 capiatur
616 1250 664 1310 cum
685 1250 819 1310 quinta
841 1252 1012 1312 ejusdem
1034 1252 1221 1312 ponderis

221 1297 1242 1361 parte olei: atque ita in masiam subigatur totus bo¬
220 1348 288 1408 lus.
301 1349 363 1409 qui
383 1350 432 1410 ita
452 1351 646 1411 paratus,
658 1353 690 1413 in
715 1354 827 1414 fictili
847 1355 1091 1415 Sigburgico
1110 1357 1222 1417 repo¬

226 1400 338 1460 natur,
349 1400 428 1460 quo
445 1400 493 1460 ad
509 1402 695 1462 subfolsum
711 1404 743 1464 in
759 1405 855 1465 vino
876 1406 930 1466 vel
946 1408 1036 1468 terra
1058 1408 1217 1468 asserve¬

231 1450 281 1510 tur
298 1450 348 1510 per
365 1453 532 1513 aliquot
549 1455 699 1515 menses
716 1456 783 1516 pro
800 1459 1124 1519 fermentatione:
1135 1460 1213 1520 imò

238 1499 297 1559 quò
314 1502 464 1562 diutius
492 1506 545 1566 ita
562 1508 847 1568 fermentetur,
863 1510 907 1570 eò
928 1511 1069 1571 melior
1085 1512 1224 1572 redde¬

238 1549 309 1609 tur?
320 1552 446 1612 Hajus
463 1556 550 1616 boli
561 1558 616 1618 ita
638 1559 759 1619 parati
770 1561 858 1621 usus
880 1561 957 1621 non
973 1563 1220 1623 incongruus

241 1603 286 1663 erit
297 1606 473 1666 tempore
496 1612 734 1672 pestilentiae
774 1613 899 1673 quam
921 1616 1227 1676 misericorditer

244 1658 358 1718 avenas
374 1660 511 1720 Deus.
528 1663 659 1723 Medici
682 1664 909 1724 Colonienses.

1237 1664 1291 1724 D

441 1769 535 1829 Boli
550 1769 745 1829 Armeniae
761 1770 1014 1830 praparatio.

265 1868 416 1928 BOLUS
445 1868 636 1928 Armensa
665 1867 699 1927 in
723 1867 926 1927 pulverem
949 1867 1222 1927 tenuissimum

227 1919 384 1979 redacta,
396 1919 632 1979 dissolvatur
649 1918 682 1978 in
699 1918 930 1978 phlegmate
947 1919 1060 1979 acido
1082 1921 1222 1981 alumi¬

226 1970 289 2030 nis:
300 1972 386 2032 tum
404 1972 605 2032 separetur
623 1972 800 2032 phlegma
824 1971 1116 2031 perbalneum:
1134 1971 1168 2031 &
1186 1972 1221 2032 a¬

222 2024 297 2084 liud
319 2024 692 2084 superinfundatur.
709 2023 750 2083 Id
772 2023 973 2083 terfacito.
990 2023 1088 2083 Tum
1105 2023 1220 2083 bolus

220 2074 254 2134 in
277 2076 415 2136 oleum
445 2077 675 2137 perpingue
709 2075 974 2135 convertitur:
996 2075 1112 2135 quod
1135 2075 1226 2135 igne

207 2128 417 2188 lentissimo
440 2129 656 2189 exiccetur,
673 2128 711 2188 &
733 2127 772 2187 in
789 2126 994 2186 pulverem
1011 2126 1221 2186 reducatur

216 2179 267 2239 ad
285 2180 560 2240 cohibendum
583 2179 813 2239 sanguinem
842 2179 1078 2239 undecunque
1095 2179 1228 2239 fluen¬
1239 2179 1273 2239 E

222 2230 298 2290 tem
314 2233 583 2293 aptissimum.
599 2230 863 2290 Quercetanus.

274 2285 531 2345 SIGILLUM
560 2284 846 2344 LEMNIUM,
869 2282 947 2342 sive
970 2281 1121 2341 TERRA
1149 2281 1227 2341 SI¬

226 2338 450 2398 GILLATA
475 2335 746 2395 officinarum,
756 2333 855 2393 terra
871 2332 1033 2392 Lemnia
1053 2332 1225 2392 Diosco¬

220 2387 307 2447 ridis
330 2387 370 2447 &
388 2387 526 2447 Galenni
549 2387 612 2447 esse
635 2386 821 2446 debebat.
832 2385 970 2445 Hodie
988 2384 1069 2444 dun
1086 2384 1237 2444 terrarum

228 2437 365 2497 genera
387 2440 747 2500 Constantinopoli
763 2437 1004 2497 adferuntur:
1020 2435 1091 2495 una
1107 2435 1227 2495 rube¬

216 2491 348 2551 scens,
359 2491 403 2551 in
425 2491 678 2551 placentulas
699 2489 854 2549 exiguas
876 2488 1073 2548 formata,
1090 2488 1221 2548 chara¬

213 2542 387 2602 cteribus
409 2542 578 2602 Turcicis
596 2542 759 2602 signata:
770 2542 883 2602 altera
905 2542 939 2602 ex
961 2540 1141 2600 cinericio
1164 2540 1227 2600 co¬

209 2596 289 2656 lore
311 2596 543 2656 candieans,
559 2594 775 2654 majoribus
796 2593 963 2653 formata
985 2593 1233 2653 placentulis,

225 2645 520 2705 characteribus
537 2645 628 2705 item
645 2645 794 2705 signata
811 2645 998 2705 Turcicis.
1016 2645 1169 2705 Magno
1192 2644 1226 2704 in

212 2699 350 2759 precio
371 2698 459 2758 sunt
476 2698 581 2758 apud
603 2698 773 2758 Turcas,
784 2696 1004 2756 maximeque
1021 2695 1273 2755 commen¬I

216 2749 364 2809 dantur
391 2749 573 2809 adversus
590 2749 777 2809 venena:
793 2747 925 2807 neque
958 2747 1068 2807 facilè
1096 2746 1227 2806 earum

216 2800 329 2860 copia
352 2800 489 2860 haberi
512 2800 661 2860 potest.
697 2798 803 2858 Quae
827 2798 1230 2858 Constantinopolim

223 2852 484 2912 adferuntur,
506 2852 595 2912 non
617 2851 634 2911 è
656 2851 840 2911 Lemno,
851 2851 912 2911 sed
940 2851 1024 2911 aliis
1046 2851 1084 2911 ex
1107 2852 1229 2912 locis,

226 2903 436 2963 multoque
460 2903 625 2963 longiùs
648 2902 779 2962 dissitis
797 2902 1059 2962 advehuntur.
1087 2902 1224 2962 Itaque

212 2956 505 3016 arbitrandum
526 2956 617 3016 non
638 2956 707 3016 est,
719 2955 841 3015 ullam
873 2954 910 3014 ex
931 2954 1012 3014 iam
1028 2953 1134 3013 dictis
1155 2953 1231 3013 ter¬

224 3007 310 3067 ram
327 3007 533 3067 Lemniam
556 3005 642 3065 esse.
659 3005 756 3065 Rufa
779 3005 916 3065 quibus
933 3005 1019 3065 dam
1036 3006 1048 3066 è
1070 3007 1225 3067 Lemno

222 3058 385 3118 advehi,
396 3058 525 3118 veraque
542 3059 632 3119 terra
655 3059 819 3119 Lemnia
841 3059 909 3119 esse
931 3058 1111 3118 creditur.
1134 3057 1224 3117 Ple¬

225 3110 331 3170 rique
353 3110 492 3170 bolum
513 3110 737 3170 Armeniam
759 3110 1015 3170 Orientalem,
1026 3109 1148 3169 veram
1170 3107 1223 3167 es¬

215 3163 252 3223 se
268 3161 408 3221 teriam
429 3160 639 3220 Lemniam
655 3161 918 3221 crediderunt.
940 3163 1015 3223 Sed
1037 3162 1128 3222 nihil
1150 3160 1224 3220 cer¬

219 3211 247 3271 ti
269 3212 431 3272 statuere
448 3214 672 3274 possamus:
683 3214 800 3274 magis
817 3214 945 3274 tamen
962 3214 1012 3274 illi
1029 3212 1224 3272 quadrare

218 3268 409 3328 videntur
434 3269 549 3329 terrae
568 3271 740 3331 Lemniae
765 3272 899 3332 notae,
924 3272 1045 3332 quàm
1070 3269 1223 3329 duabus

1312 112 1520 172 praedictis.
1547 110 1723 170 Reperta
1763 112 1811 172 est
1844 113 1959 173 etiam
1979 115 2019 175 in
2046 117 2174 177 Melita
2202 119 2309 179 terrae

1299 163 1515 223 quoddam
1539 163 1670 223 genus
1693 166 1910 226 candidum
1921 169 2030 229 leve,
2053 170 2161 230 quod
2185 170 2202 230 à
2230 169 2298 229 cir¬

1303 215 1576 275 cumforaneis
1593 217 1877 277 impostoribus
1899 220 2100 280 venditur,
2116 221 2300 281 adversus

1302 268 1448 328 venena
1471 268 1617 328 efficax.
1629 268 1759 328 Itaque
1781 269 1885 329 terrae
1896 271 2070 331 Lemniae
2081 272 2169 332 loco
2190 271 2304 331 com¬

1294 319 1421 379 modè
1439 319 1500 379 aut
1517 319 1634 379 bolus
1656 320 1835 380 Armenia
1857 322 1896 382 ex
1919 323 2069 383 Oriente
2091 325 2220 385 petita,
2237 326 2298 386 aut

1301 370 1570 430 praedictarum
1593 371 1728 431 aliqua
1745 372 1845 432 sumi
1863 374 2015 434 potest,
2026 376 2184 436 tametsi
2202 376 2301 436 Tur¬

1293 422 1383 482 cicae
1405 422 1592 482 adversus
1618 423 1757 483 viperae
1778 425 1934 485 morsus
1960 425 2045 485 non
2067 427 2296 487 admodum

1305 473 1482 533 efficaces
1499 473 1591 533 sint,
1608 473 1820 533 multoque
1837 476 1991 536 minus,
2008 478 2095 538 quae
2112 478 2151 538 ex
2169 478 2294 538 Melita

1300 525 1483 585 adfertur.
1505 526 1654 586 Verùm
1671 526 1694 586 si
1711 527 1831 587 bolus
1848 527 2032 587 Armenia
2049 529 2226 589 adversus
2243 530 2300 590 vi¬

1302 578 1400 638 perae
1421 577 1568 637 morsus
1590 577 1671 637 eam
1688 578 1846 638 haberet
1868 578 1944 638 vim
1966 580 2085 640 quam
2102 581 2211 641 terrae
2227 583 2297 643 Le¬

1292 629 1414 689 mniae
1430 629 1616 689 tribuunt:
1626 629 1717 689 terra
1738 629 1892 689 Lemnia
1913 631 2083 691 legitima
2104 631 2179 691 sine
2200 631 2295 691 con¬

1295 682 1475 742 troversia
1504 682 1618 742 esset,
1637 682 1708 742 aut
1732 682 1864 742 saltem
1888 682 1942 742 illi
1959 682 2092 742 securè
2116 683 2295 743 substitui

1298 734 1452 794 posset,
1469 733 1509 793 &
1520 733 1628 793 facile
1651 733 1731 793 esset
1748 734 2084 794 experimentum,
2101 736 2302 796 quemad¬

1294 784 1467 844 modum
1495 784 1534 844 de
1556 785 1724 845 Turcicis
1747 785 1853 845 terris
1881 785 1920 845 in
1937 785 2105 845 canibus
2133 787 2149 847 à
2166 787 2294 847 vipera

1301 835 1489 895 demorsis
1518 835 1734 895 periculum
1757 836 1940 896 fecimus.
1951 838 2046 898 nam
2074 838 2219 898 quibus
2241 839 2296 899 al¬

1288 886 1387 946 lium
1405 887 1493 947 cum
1510 887 1598 947 vino
1621 887 1756 947 datum
1779 887 1850 947 est,
1861 887 1902 947 hi
1908 888 2066 948 liberati
2078 889 2189 949 sunt:
2207 890 2300 950 qui¬

1298 938 1370 998 bus
1398 939 1488 999 verò
1515 940 1622 1000 terrae
1638 940 1750 1000 suprâ
1778 940 1968 1000 recitatae,
1985 940 2024 1000 hi
2035 941 2181 1001 mortui
2197 943 2293 1003 sunt,

1301 991 1370 1051 aut
1387 991 1535 1051 magna
1564 991 1649 1051 cum
1672 991 1900 1051 difficultate
1917 991 2082 1051 liberati.
2110 993 2236 1053 Terrae
2253 994 2298 1054 si¬

1299 1040 1444 1100 gillatae
1460 1043 1740 1103 officinarum,
1757 1043 1840 1103 cum
1863 1043 1913 1103 ne
1930 1043 2002 1103 una
2025 1043 2181 1103 quidem
2203 1046 2293 1106 nota

1291 1093 1468 1153 Lemniae
1485 1094 1673 1154 quadret,
1684 1094 1816 1154 nullus
1833 1094 1919 1154 usus
1942 1094 2004 1154 esse
2028 1096 2165 1156 potest,
2182 1097 2244 1157 nisi
2261 1098 2295 1158 in

1287 1145 1335 1205 iis
1357 1145 1544 1205 duntaxat
1560 1145 1882 1205 medicamentis,
1898 1147 1984 1207 quae
2000 1147 2092 1207 foris
2113 1147 2306 1207 adhiben¬

1284 1195 1367 1255 tur,
1384 1196 1438 1256 hae
1466 1198 1571 1258 enim
1593 1198 1686 1258 nihil
1709 1198 1841 1258 praeter
1852 1199 2150 1259 manifestarum
2172 1198 2298 1258 quali¬

1293 1249 1416 1309 tatum
1437 1250 1714 1310 optrationem
1730 1250 1970 1310 desiderant.
1986 1252 2114 1312 Medici
2130 1252 2295 1312 Florenti¬

1242 1299 1640 1355 ni & Colonienses.
1338 1351 1478 1411 Lemnia
1501 1354 1625 1414 terra,
1642 1355 1766 1415 quam
1783 1355 1845 1415 alii
1868 1354 2060 1414 perperam
2082 1354 2291 1414 Rubricam

1290 1403 1497 1463 Lemniam
1513 1406 1683 1466 vocant,
1699 1406 1741 1466 ut
1757 1406 1874 1466 docet
1895 1406 2060 1466 Galenus
2076 1406 2108 1466 1.
2124 1406 2166 1466 de
2188 1406 2294 1466 Anti¬

1297 1456 1380 1516 dot.
1396 1457 1478 1517 cap.
1489 1457 1544 1517 14.
1582 1459 1698 1519 (nam
1719 1459 1884 1519 Rubrica
1900 1459 2065 1519 Lemnia
2087 1459 2158 1519 alia
2180 1459 2230 1519 res
2257 1459 2300 1519 est

1294 1507 1327 1567 in
1349 1507 1454 1567 Lenno
1475 1508 1728 1568 proveniens,
1739 1510 1783 1570 ad
1799 1510 1898 1570 alios
1914 1511 2003 1571 usus
2019 1511 2162 1571 idonea
2184 1510 2304 1570 quàm

1301 1556 1344 1616 est
1371 1558 1541 1618 sigillum
1562 1561 1813 1621 Lemnium)
1835 1562 1994 1622 putatur
2026 1562 2299 1622 communiter

1305 1608 1372 1668 esse
1388 1609 1456 1669 ea,
1472 1610 1561 1670 quae
1578 1611 1618 1671 in
1640 1612 1818 1672 officinis
1841 1613 2009 1673 vocatur
2025 1613 2142 1673 Bolus
2165 1612 2304 1672 Arme¬

1287 1660 1372 1720 nus
1388 1661 1607 1721 orientalis:
1623 1662 1735 1722 quod
1751 1663 1895 1723 nomen
1916 1664 1964 1724 illi
1980 1664 1996 1724 à
2018 1664 2300 1724 mercatoribus

1308 1712 1459 1772 Venetis
1484 1714 1709 1774 impositum
1728 1714 1819 1774 fuit,
1831 1715 1971 1775 itemque
1990 1715 2032 1775 ab
2050 1715 2123 1775 istis
2141 1715 2208 1775 qui
2226 1715 2306 1775 Ve¬

1292 1765 1415 1825 netias
1435 1766 1523 1826 eam
1538 1766 1779 1826 apportant:
1795 1766 1949 1826 tametsi
1964 1766 2072 1826 verus
2093 1766 2215 1826 Bolus
2231 1766 2303 1826 Ar¬

1300 1816 1437 1876 menus
1454 1817 1667 1877 Orientalis
1689 1819 1758 1879 alia
1775 1819 1827 1879 res
1850 1819 1913 1879 sit,
1930 1820 2057 1880 haecque
2074 1819 2211 1879 opinio
2234 1817 2298 1877 ap¬

1294 1870 1459 1930 probata
1483 1870 1553 1930 fuit
1571 1870 1613 1930 ab
1636 1870 1825 1930 omnibus
1843 1870 2038 1930 simplicium
2049 1871 2197 1931 peritis:
2215 1870 2303 1930 cùm

1304 1921 1443 1981 certum
1459 1921 1529 1981 sit,
1540 1921 1626 1981 eam
1642 1922 1723 1982 non
1744 1922 1782 1982 ex
1804 1922 2013 1982 Armenia,
2029 1922 2093 1982 sed
2120 1922 2163 1982 ex
2179 1922 2302 1982 Insula

1300 1972 1451 2032 Lemno
1473 1973 1613 2033 afferri,
1624 1973 1663 2033 de
1685 1973 1825 2033 eodem
1847 1973 1959 2033 planè
1976 1973 2082 2033 loco,
2099 1973 2211 2033 quem
2233 1972 2311 2032 Ga¬

1294 2023 1405 2083 lenus
1423 2023 1470 2083 9.
1487 2024 1564 2084 Ib.
1581 2024 1634 2084 de
1663 2024 1909 2084 simplicibus
1939 2024 2092 2084 Medic.
2109 2024 2302 2084 describit.

1305 2075 1471 2135 Quodque
1488 2077 1594 2137 verus
1610 2077 1727 2137 Bolus
1749 2077 1938 2137 Armenus
1961 2077 2022 2137 esse
2044 2077 2222 2137 nequeat,
2239 2075 2305 2135 co¬

1287 2123 1349 2183 lor
1371 2126 1484 2186 etiam
1506 2128 1540 2188 in
1563 2128 1669 2188 causa
1692 2129 1759 2189 est,
1776 2129 1844 2189 qui
1860 2128 1973 2188 nimis
1990 2128 2102 2188 ruber
2125 2129 2198 2189 est,
2209 2129 2299 2189 cùm

1306 2179 1420 2239 Bolus
1443 2179 1484 2239 sit
1501 2179 1632 2239 colore
1650 2180 1822 2240 pallido:
1839 2180 1873 2240 &
1891 2180 2006 2240 elapsi
2028 2179 2109 2239 sunt
2126 2179 2217 2239 octo
2241 2179 2309 2239 an¬

1297 2231 1366 2291 ni,
1383 2231 1497 2291 quòd
1520 2231 1680 2291 quidam
1703 2231 1858 2291 Graecus
1881 2231 1961 2291 satis
1984 2231 2132 2291 magnam
2144 2233 2304 2293 copiam

1303 2281 1477 2341 attulerit
1500 2282 1736 2342 Neapolim,
1747 2284 1853 2344 unde
1870 2284 1999 2344 longo
2016 2284 2196 2344 tempore
2218 2283 2308 2343 offi¬

1298 2332 1403 2392 cinas
1425 2333 1509 2393 suas
1525 2335 1809 2395 pharmacopei
1820 2335 2087 2395 instruxerunt.
2098 2335 2303 2395 Quanquam

1300 2384 1459 2444 suspicio
1482 2386 1664 2446 quaedam
1681 2387 1892 2447 accesserit,
1909 2387 1954 2447 de
1966 2386 2177 2446 impostura
2199 2386 2301 2446 ejus¬

1299 2435 1386 2495 dem
1408 2437 1545 2497 medici
1561 2438 1851 2498 Materatensis,
1863 2438 1922 2498 qui
1944 2438 2081 2498 multas
2103 2438 2207 2498 cistas
2223 2436 2311 2496 Ma¬

1297 2488 1425 2548 terato
1452 2488 1489 2548 ex
1516 2489 1633 2549 regno
1655 2489 1927 2549 Neapolitano
1948 2489 2135 2549 Venetias
2156 2488 2306 2548 advexit

1303 2539 1346 2599 &
1357 2540 1575 2600 asseverans
1597 2540 1662 2600 esse
1684 2542 1820 2602 verum
1836 2542 1978 2602 Bolum
2005 2542 2163 2602 allatum
2185 2540 2217 2600 ex
2240 2539 2304 2599 Ar¬

1293 2591 1445 2651 menia,
1461 2592 1592 2652 multis
1608 2593 1897 2653 mercatoribus
1918 2593 2003 2653 cum
2019 2593 2223 2653 vendidit,
2240 2593 2307 2653 qui

1302 2642 1435 2702 postea
1457 2644 1488 2704 in
1504 2645 1611 2705 idem
1627 2645 1792 2705 regnum
1808 2645 1957 2705 rursum
1973 2644 2202 2704 attulerunt:
2218 2645 2304 2705 utque

1292 2693 1437 2753 omnia
1458 2695 1603 2755 veritati
1619 2696 1743 2756 magis
1765 2696 1878 2756 essent
1899 2696 2178 2756 consentanca,
2189 2697 2307 2757 opera

1291 2744 1502 2804 cujusdam
1523 2747 1650 2807 Graeci
1671 2747 1718 2807 ad
1744 2747 1829 2807 eam
1855 2747 1934 2807 rem
1960 2747 2135 2807 adhibita
2156 2748 2309 2808 curavit

1304 2794 1409 2854 illum
1427 2798 1602 2858 distrahi.
1626 2800 1725 2860 Cùm
1742 2800 1836 2860 nihil
1853 2800 1959 2860 aliud
1976 2800 2099 2860 revera
2123 2801 2204 2861 esset
2228 2801 2303 2861 quan

1300 2847 1394 2907 Bos
1412 2849 1478 2909 qui
1495 2851 1679 2911 reperitur
1695 2851 1818 2911 prope
1834 2851 2046 2911 Materatam:
2063 2851 2097 2911 &
2108 2851 2169 2911 iste
2185 2851 2297 2911 locus

1308 2902 1436 2962 postea
1460 2902 1646 2962 mandaro
1669 2902 1769 2962 regio
1792 2902 1856 2962 fuit
1880 2902 2060 2962 occlusus.
2072 2902 2171 2962 Quae
2188 2903 2305 2963 suspi¬

1297 2951 1362 3011 cio
1381 2953 1428 3013 eò
1452 2953 1571 3013 magis
1589 2954 1833 3014 confirmatur,
1846 2954 1953 3014 quòd
1970 2954 2084 3014 Bolus
2102 2956 2161 3016 ille
2179 2956 2197 3016 à
2215 2956 2311 3016 Grę¬

1299 3004 1343 3064 co
1366 3004 1589 3064 divenditus
1612 3005 1712 3065 alteri
1729 3005 1790 3065 qui
1812 3007 1924 3067 hodie
1946 3007 2141 3067 Materatae
2158 3007 2297 3067 effodi¬

1307 3056 1362 3116 tur
1378 3056 1423 3116 ita
1445 3056 1556 3116 planè
1573 3058 1818 3118 assimiletur,
1834 3059 1873 3119 ut
1895 3059 2012 3119 etiam
2034 3059 2302 3119 exereitatissi¬

1292 3107 1351 3167 mi
1368 3108 1400 3168 in
1417 3109 1488 3169 hac
1510 3109 1608 3169 parte
1630 3110 1723 3170 inter
1739 3111 1946 3171 utramque
1963 3112 2110 3172 nullam
2126 3110 2306 3170 differen¬

1297 3160 1394 3220 tiam
1410 3161 1571 3221 reperire
1588 3161 1750 3221 queant.
1771 3161 1847 3221 Sed
1863 3161 1998 3221 relicto
2019 3161 2117 3221 Bolo
2138 3160 2310 3220 Armeno

1295 3211 1402 3271 vero,
1412 3212 1615 3272 loquentes
1643 3214 1680 3274 de
1696 3214 1845 3274 vulgari
1861 3214 1979 3274 altero
2001 3214 2102 3274 dicto
2123 3211 2305 3271 Orienta¬

1298 3269 1349 3329 li;
1367 3268 1516 3328 constat
1533 3268 1618 3328 cum
1635 3268 1704 3328 ferè
1727 3269 1767 3329 ab
1790 3269 1979 3329 omnibus
1996 3269 2076 3329 non
2094 3267 2219 3327 solùm
2242 3265 2299 3325 ac¬
