2479 3508
712 122 2165 198 35     Antidotarii speciales LIB. I. 30
194 169 1169 245 cipi pro succedaneo Terrae Lemniae, sed etiam
194 239 255 299 pro
272 238 345 298 ipsa
362 236 446 296 vtra
463 235 569 295 Terra
586 233 754 293 Lemnia.
782 232 1023 292 Quanquam
1040 233 1146 293 multi

196 286 256 346 viri
272 284 474 344 pręstantes
490 284 517 344 in
539 284 610 344 arte
626 283 767 343 Medica
783 283 947 343 asserant,
958 281 1051 341 hunc
1067 281 1148 341 vul¬

183 335 315 395 garem
332 334 470 394 Bolum
486 334 552 394 esse
569 332 783 392 Rubricam,
800 331 827 391 &
843 331 920 391 non
937 331 1069 391 terram
1086 331 1151 391 Le¬

192 382 304 442 mniam:
310 382 394 442 idque
405 382 433 442 se
450 382 534 442 scire
552 382 669 442 aiunt,
681 380 714 440 ab
737 380 916 440 omnibus
934 379 1007 439 fide
1023 379 1147 439 dignis

196 429 262 489 qui
279 430 396 490 ipsum
413 431 501 491 locum
519 430 786 490 conspexerint,
802 428 830 488 &
847 428 908 488 qui
919 427 1036 487 sciunt
1052 427 1147 487 quo¬

194 478 271 538 que
298 479 331 539 in
348 479 424 539 quo
446 479 539 539 loco
566 479 637 539 ipsa
654 478 741 538 terra
764 478 916 538 Lemnia
939 478 1152 538 colligatur,

201 529 290 589 quae
305 529 388 589 olim
404 527 508 587 nullo
540 527 607 587 alio
628 527 743 587 quàm
758 526 951 586 sacerdote
966 526 1149 586 tractaba¬

185 578 276 638 tur,
292 578 323 638 &
339 577 403 637 qui
419 577 557 637 insuper
579 575 712 635 norunt
733 575 792 635 ubi
808 574 968 634 Rubiica
983 572 1148 632 effodia¬

193 626 267 686 tur;
289 626 397 686 quam
418 625 541 685 dicunt
563 625 622 685 esse
638 623 740 683 illum
756 623 911 683 rubrum
927 623 1062 683 Bolum
1083 623 1153 683 Ar¬

181 673 365 733 menum,
381 674 492 734 quem
513 673 745 733 Orientalem
761 671 967 731 vocamus.
988 671 1115 731 Quod
1130 673 1156 733 si

200 722 270 782 illis
287 721 379 781 fides
396 721 471 781 non
488 722 733 782 adhibeatur,
749 722 891 782 addunt
918 721 1016 781 aliud
1037 721 1151 781 argu¬

190 770 393 830 mentum,
409 772 516 832 quòd
538 771 794 831 scilicetnemo
815 770 917 830 ausus
933 770 1040 830 fuerit
1061 770 1157 830 affit¬

195 818 315 878 mare,
326 820 541 880 experientia
561 820 854 880 comprobatum
875 820 954 880 esse,
970 820 1064 880 hunc
1085 821 1131 881 Bo

191 868 293 928 lum,
309 869 417 929 dictum
427 869 669 929 Orientalem,
681 869 804 929 sanare
826 869 885 929 eos
907 868 966 928 qui
982 868 998 928 à
1014 868 1159 928 serpen¬

192 917 299 977 tibus
315 917 394 977 sunt
416 917 598 977 demorsi.
619 917 699 977 Nec
715 917 795 977 satis
817 917 860 977 est
876 917 1020 977 dicerè,
1036 917 1068 977 ex
1090 916 1159 976 Le¬

197 965 297 1025 mno
319 967 430 1027 Insula
453 967 592 1027 afferri,
609 968 693 1028 nam
715 968 748 1028 in
765 967 832 1027 ipsa
849 967 915 1027 tres
938 966 1155 1026 differentiae

203 1016 385 1076 terrarum
400 1016 686 1076 reperiebantur:
696 1016 805 1076 prima
826 1015 894 1075 erat
914 1015 1153 1075 praestantissi¬

199 1063 293 1123 ma,
307 1064 433 1124 contra
457 1064 583 1124 omnia
607 1064 747 1124 venena
771 1064 981 1124 remedium
1001 1064 1155 1124 certum:

196 1112 310 1172 altera
332 1114 516 1174 Rubrica,
532 1114 646 1174 quàm
668 1114 896 1174 usurpabant
912 1112 1021 1172 fabri,
1037 1112 1070 1172 &
1086 1112 1167 1172 per¬

197 1159 334 1219 hibent
352 1160 412 1220 isti
434 1162 500 1222 esse
517 1162 720 1222 Armenum
748 1162 880 1222 Bolum
907 1162 1155 1222 Orientalem,

200 1210 242 1270 de
264 1210 339 1270 quo
355 1211 570 1271 loquimur.
602 1211 720 1271 Tertia
747 1211 784 1271 est
805 1211 870 1271 qua
891 1210 1090 1270 utebantur
1112 1210 1154 1270 ad

208 1258 355 1318 pannos
371 1261 578 1321 lavandos;
595 1261 683 1321 quia
704 1259 938 1319 absteigendi
949 1259 1025 1319 vim
1042 1258 1156 1318 habe¬

203 1305 277 1365 bat.
288 1307 331 1367 Ex
347 1307 395 1367 his
417 1309 608 1369 postremae
624 1309 704 1369 duae
720 1309 753 1369 in
774 1307 1051 1367 Medicamentis
1073 1309 1152 1369 nul¬

197 1354 282 1414 lum
298 1356 399 1416 usum
420 1358 623 1418 habebant,
628 1358 761 1418 ideoque
772 1357 1016 1417 concludunt,
1027 1357 1154 1417 Bolum

198 1406 390 1466 vulgarem
412 1408 642 1468 Orientalem
663 1407 738 1467 non
755 1406 872 1466 solum
894 1406 968 1466 non
984 1406 1049 1466 esse
1070 1406 1155 1466 Ter¬

204 1453 285 1513 ram
302 1456 508 1516 Lemniam,
525 1456 579 1516 sed
596 1456 704 1516 ipsius
721 1456 808 1516 loco
829 1456 976 1516 quoque
998 1456 1074 1516 non
1091 1456 1156 1516 esse

200 1502 478 1562 accipiendum.
494 1504 532 1564 At
554 1504 634 1564 cùm
650 1504 682 1564 in
698 1504 768 1564 hoc
789 1504 881 1564 Bolo
902 1505 1138 1565 deprehenda

206 1549 259 1609 tur
280 1551 484 1611 nonnullus
506 1552 612 1612 odor,
623 1552 656 1612 &
672 1553 778 1613 sapor
794 1553 1041 1613 aromaticus,
1057 1553 1164 1613 multi

192 1598 287 1658 imò
308 1600 425 1660 major
446 1600 521 1660 pars
542 1601 760 1661 doctorum,
765 1601 839 1661 non
860 1603 903 1663 ita
924 1603 1024 1663 facilè
1041 1603 1162 1663 istorum

219 1661 1139 1696 sententiae assentiri voluerunt, sed potiùs existi¬
211 1697 387 1757 marunt,
403 1699 478 1759 cjus
499 1699 606 1759 usum
627 1700 692 1760 esse
713 1700 750 1760 in
766 1700 948 1760 Medicina
964 1700 1166 1760 idoneum,

207 1744 255 1804 &
267 1746 373 1806 quòd
395 1748 518 1808 revera
539 1748 583 1808 sit
599 1750 684 1810 terra
706 1750 872 1810 Lemnia.
905 1750 1027 1810 Quod
1044 1750 1167 1810 tamen

207 1795 324 1855 nemo
346 1796 409 1856 nisi
425 1798 489 1858 qui
516 1798 670 1858 propriis
686 1799 803 1859 oculis
819 1799 910 1859 locum
920 1798 1075 1858 viderit,
1090 1798 1159 1858 cer¬

197 1843 241 1903 tò
258 1844 444 1904 affirmare
461 1846 596 1906 potest.
630 1846 703 1906 Sed
725 1846 759 1906 &
776 1846 844 1906 nos
866 1846 911 1906 cum
922 1846 1063 1906 majore
1085 1846 1159 1906 par¬

207 1892 239 1952 te
266 1892 464 1952 doctorum
480 1894 646 1954 hominum
657 1894 845 1954 ponamus
866 1895 957 1955 hunc
974 1895 1059 1955 loco
1081 1894 1166 1954 Ter¬

201 1939 246 1999 rae
261 1940 440 2000 Lemniae.
455 1942 536 2002 Non
552 1942 679 2002 tamen
694 1942 836 2002 silentio
857 1943 1152 2003 praetereundum

213 1987 274 2047 est,
285 1988 385 2048 quòd
408 1990 519 2050 aliqui
536 1991 776 2051 impostores,
798 1991 870 2051 quò
887 1991 971 2051 eum
982 1993 1154 2053 vendibi¬

197 2036 339 2096 liorem
356 2038 520 2098 reddant,
531 2039 700 2099 imbuant
716 2041 809 2101 priùs
831 2042 935 2102 instar
951 2043 1055 2103 pastae
1072 2044 1153 2104 cum

204 2085 301 2145 aqua
322 2087 558 2147 aromatica,
573 2089 650 2149 quae
665 2089 701 2149 in
722 2090 758 2150 ea
778 2090 984 2150 quantitate
1004 2093 1168 2153 additur,

197 2133 282 2193 quo
305 2135 408 2195 fraus
431 2137 534 2197 facilè
563 2139 791 2199 occultetur,
802 2141 888 2201 cùm
912 2141 991 2201 non
1014 2141 1049 2201 sit
1071 2140 1163 2200 veri¬

203 2183 338 2243 simile.
349 2186 491 2246 tantum
507 2187 665 2247 odorem
686 2188 719 2248 &
730 2188 947 2248 facultatem
964 2189 1024 2249 per
1040 2189 1072 2249 se
1094 2191 1154 2251 esse

190 2231 227 2291 in
248 2232 316 2292 ista
337 2234 453 2294 terra:
474 2235 558 2295 quae
584 2236 779 2296 interdum
810 2237 852 2297 ex
884 2237 1152 2297 Cinnamomo

190 2280 362 2340 quoque
388 2283 442 2343 illi
464 2284 704 2344 conciliatur:
726 2284 1058 2344 quemadmodum
1079 2287 1159 2347 vidi

182 2329 335 2389 Romae
352 2332 442 2392 ante
465 2333 686 2393 biennium,
702 2335 776 2395 tale
799 2335 952 2395 frustum
974 2336 1122 2396 missum
1139 2336 1156 2396 à

199 2380 399 2440 Cardinale
422 2381 674 2441 Granuellano
697 2383 743 2443 ad
772 2383 1041 2443 Castilioneum
1065 2386 1150 2446 Car¬

200 2429 393 2489 dinalem,
409 2431 565 2491 propter
581 2431 770 2491 adversam
791 2431 872 2491 ejus
888 2433 1162 2493 valetudinem,

201 2478 266 2538 qui
282 2479 407 2539 tamen
429 2480 543 2540 paulò
560 2480 641 2540 pòst
652 2480 771 2540 obiit:
793 2480 989 2540 curitaque
1005 2480 1060 2540 hic
1076 2482 1152 2542 Bo¬

189 2525 246 2585 lus
263 2528 447 2588 suspectus
465 2528 562 2588 esset,
574 2528 678 2588 tutius
700 2528 908 2588 substituere
931 2529 1046 2589 posset
1069 2533 1149 2593 Ter¬

195 2574 273 2634 ram
294 2576 398 2636 istam
419 2578 543 2638 albam
569 2578 653 2638 quae
679 2578 715 2638 ex
736 2578 845 2638 Malta
861 2578 1033 2638 affertur,
1048 2580 1147 2640 quo¬

191 2623 299 2683 niam
316 2626 499 2686 saepissimè
522 2626 573 2686 non
585 2626 705 2686 solùm
722 2626 733 2686 à
757 2626 1071 2686 Circulatoribus,
1088 2630 1145 2690 sed

188 2672 301 2732 etiam
317 2674 469 2734 Medicis
497 2675 722 2735 experientia
745 2675 953 2735 probatum
980 2676 1047 2736 est,
1059 2678 1137 2738 cam

186 2721 341 2781 mirificè
363 2723 492 2783 contrà
518 2725 664 2785 venena
685 2725 894 2785 serpentum
921 2725 953 2785 &
980 2726 1141 2786 aliorum

180 2769 369 2829 animallum
385 2772 529 2832 talere:
540 2773 623 2833 cùm
651 2774 800 2834 propter
817 2774 972 2834 eandem
994 2776 1138 2836 causam

187 2817 298 2877 Terra
321 2821 468 2881 Lemnia
485 2822 637 2882 quoque
655 2822 872 2882 assumatur.
901 2823 977 2883 Nec
994 2824 1140 2884 forsitan

180 2868 341 2928 errabit.
356 2870 421 2930 qui
437 2872 507 2932 ejus
528 2872 614 2932 loco
629 2872 758 2932 verum
774 2873 907 2933 Bolum
928 2873 1132 2933 Armenum

181 2918 397 2978 acciperet,
409 2920 528 2980 modò
551 2920 586 2980 de
608 2920 774 2980 legitimo
797 2921 877 2981 eum
894 2922 1019 2982 haberi
1036 2923 1133 2983 posse

187 2965 278 3025 certi
301 2966 478 3026 essemus:
495 2968 581 3028 nam
603 2969 707 3029 sicuti
724 2971 775 3031 ad
792 2971 901 3031 pestis
929 2972 1129 3032 malignam

170 3014 250 3074 vim
268 3016 429 3076 prodest,
441 3016 475 3076 sic
493 3017 602 3077 etiam
620 3017 677 3077 non
689 3018 753 3078 abs
770 3019 798 3079 re
822 3019 891 3079 dici
903 3020 1024 3080 posset
1041 3020 1133 3080 con¬

174 3064 234 3124 tra
256 3064 419 3124 maligna
446 3065 511 3125 alia
528 3065 664 3125 venena
686 3067 838 3127 quoque
860 3068 985 3128 omnia
1001 3070 1132 3130 utilem

179 3112 266 3172 esse.
287 3115 401 3175 Cujus
418 3116 543 3176 tamen
559 3116 619 3176 rei,
630 3118 706 3178 cùm
722 3118 859 3178 nondum
870 3119 1131 3179 experientiam

180 3164 364 3224 habemus
390 3169 548 3229 certam,
560 3170 719 3230 securius
744 3172 801 3232 erit
814 3172 947 3232 interea
966 3172 1130 3232 accipere

1169 157 2172 250 [A] Melitensem terram: in qua opinione, quoad vixit
1221 233 1417 293 pręceptor
1434 232 1535 292 meus
1552 232 1607 292 pię
1624 232 1804 292 memorię
1826 232 1938 292 Lucas
1960 232 2072 292 Ghinu?
2089 233 2174 293 fuit.

1268 280 1332 340 DE
1350 280 1472 340 Sigillo
1495 281 1560 341 sive
1577 281 1665 341 terra
1683 281 1846 341 Sigillata
1864 281 2003 341 vulgari
2021 280 2097 340 non
2115 280 2167 340 di¬

1213 328 1290 388 cam
1313 329 1440 389 plura.
1456 331 1539 391 cùm
1556 331 1628 391 jam
1650 329 1793 389 omnibs
1810 329 2004 389 manifesta
2020 329 2058 389 sit
2075 329 2169 389 fraus

1219 376 1307 436 quae
1323 378 1401 438 cum
1416 379 1474 439 illa
1494 380 1755 440 committitur,
1771 379 1849 439 atque
1859 379 1953 439 unus
1969 379 2088 439 quisque
2098 379 2171 439 iam

1222 427 1326 487 sciat,
1331 427 1436 487 nullo
1456 427 1571 487 modo
1597 427 1670 487 eam
1691 427 1753 487 esse
1769 427 2029 487 usurpandam.
2045 427 2169 487 Neque

1222 475 1302 535 etiam
1318 476 1467 536 possum
1488 476 1643 536 probare
1664 476 1771 536 usum
1792 476 1930 536 Bolum
1946 475 2175 535 Materaten¬

1220 522 1294 582 sis,
1311 524 1392 584 nam
1409 526 1557 586 tametsi
1581 526 1724 586 proptei
1741 524 1821 584 suas
1844 523 2034 583 qualitates
2056 523 2176 583 mani¬

1224 571 1333 631 festas
1355 574 1606 634 proculdubio
1627 574 1720 634 utilis
1736 574 1785 634 sit,
1796 574 1932 634 nimirum
1944 572 1977 632 in
1993 571 2173 631 constrin¬

1224 619 1358 679 gendo
1375 622 1526 682 corpus,
1544 623 1579 683 &
1590 623 1619 683 in
1642 622 1817 682 omnibus
1835 622 1899 682 illis
1922 622 2131 682 affectibus,
2137 623 2172 683 in

1158 668 1192 728 B
1226 670 1363 730 quibus
1392 671 1489 731 opus
1512 671 1552 731 est
1569 671 1820 731 exiecatione,
1837 671 1895 731 aut
1912 671 2083 731 facultate
2100 671 2174 731 em¬

1228 718 1372 778 plastica
1393 721 1425 781 &
1441 721 1681 781 astringente,
1697 721 1771 781 non
1793 719 1921 779 tamen
1947 718 2032 778 certi
2048 718 2171 778 sumus

1229 766 1338 826 quòd
1354 766 1387 826 in
1403 769 1572 829 malignis
1595 770 1731 830 morbis
1753 770 1785 830 sit
1802 770 1949 830 efficax:
1966 769 2009 829 cum
2026 767 2091 827 haec
2113 766 2178 826 vir¬

1218 812 1279 872 tus
1296 814 1336 874 ab
1352 817 1431 877 ipso
1454 819 1612 879 Climate
1628 819 1904 879 proficiscatur;
1915 817 1982 877 nec
1999 817 2107 877 possit
2124 815 2185 875 su¬

1231 865 1419 925 perficialis
1442 868 1642 928 similitudo
1659 868 1693 928 in
1711 868 1938 928 Materatensi
1956 866 2047 926 Bolo
2070 865 2178 925 polli¬

1228 916 1303 976 ctri
1318 916 1440 976 quoque
1451 917 1617 977 occultas
1643 917 1674 977 &
1684 916 1871 976 interiores
1891 916 2155 976 proprietates.

1267 965 1469 1025 OCHRAM
1490 967 1724 1027 levissimam,
1734 965 1765 1025 &
1781 965 1937 1025 omnino
1958 964 2098 1024 luteam
2114 962 2181 1022 eli¬

1234 1012 1317 1072 gere
1334 1014 1501 1074 oportet,
1507 1016 1725 1076 saturatam,
1736 1015 1808 1075 non
1826 1015 2049 1075 lapidosam,
2060 1013 2183 1073 friabi¬

1229 1059 1317 1119 lem,
1327 1062 1479 1122 natione
1499 1064 1635 1124 Atticam.
1645 1064 1770 1124 Uritur
1785 1063 1874 1123 haec,
1890 1063 1921 1123 &
1936 1062 2077 1122 lavatur
2098 1061 2181 1121 cad¬

1232 1107 1319 1167 miae
1330 1111 1467 1171 modo.
1472 1112 1494 1172 *
1510 1112 1570 1172 Vis
1592 1112 1663 1172 ejus
1685 1112 1919 1172 adstringere,
1930 1111 2094 1171 erodere,
2105 1109 2181 1169 col¬

1169 1160 1198 1220 C
1227 1160 1415 1220 lectiones
1438 1160 1468 1220 &
1485 1160 1672 1220 tubercula
1696 1162 1871 1222 dissipare.
1888 1160 2129 1220 Excrescentia
2146 1159 2181 1219 in

1231 1207 1333 1267 carne
1354 1210 1536 1270 reprimit,
1547 1210 1633 1270 cava
1655 1210 1734 1270 cum
1750 1210 1874 1270 cerato
1896 1208 2024 1268 explet,
2040 1207 2077 1267 &
2094 1207 2179 1267 arti¬

1232 1257 1404 1317 culorum
1420 1259 1565 1319 tophos
1586 1258 1828 1318 comminuit.
1850 1256 2064 1316 Dioscorides.

1259 1307 1489 1367 RUBRICA
1511 1309 1659 1369 Sinopis
1676 1307 1835 1367 maximè
1856 1306 2032 1366 probatur
2054 1308 2186 1368 gravis,

1227 1353 1361 1413 densa,
1371 1356 1414 1416 ad
1430 1358 1601 1418 jecinoris
1622 1357 1825 1417 imaginem
1841 1354 2006 1414 vergens,
2017 1354 2182 1414 calculo¬

1235 1401 1311 1461 rum
1331 1405 1480 1465 expers,
1495 1406 1700 1466 concolor,
1715 1405 1797 1465 cùm
1812 1404 1981 1464 diluitur,
1992 1403 2186 1463 impendiò

1235 1451 1366 1511 fusilis.
1377 1454 1565 1514 Effoditur
1577 1454 1617 1514 in
1634 1453 1891 1513 Cappadocia,
1902 1451 2073 1511 speluncis
2096 1453 2182 1513 qui¬

1234 1501 1422 1561 busdam,
1433 1504 1690 1564 expurgataque
1701 1502 1855 1562 defertur
1873 1501 1901 1561 in
1924 1501 2072 1561 Sinopem
2078 1503 2180 1563 urbem,

1234 1549 1269 1609 in
1289 1551 1360 1611 qua
1375 1553 1572 1613 venditur:
1587 1552 1688 1612 unde
1709 1550 2006 1610 cognomentum
2026 1551 2178 1611 accepit.

1223 1588 1251 1648 *
1268 1593 1354 1653 Vim
1366 1600 1480 1660 habet
1497 1602 1737 1662 exiceatoriam,
1754 1599 1857 1659 quasi
1868 1598 2086 1658 inducendo
2108 1600 2176 1660 ob¬

1249 1659 2168 1717 struentem, & adstrictoriam, quapropter vulne¬
1226 1696 1327 1756 rariis
1349 1699 1563 1759 emplastris,
1574 1699 1606 1759 &
1622 1699 1772 1759 pastillis
1788 1696 2056 1756 exiccantibus,
2067 1697 2099 1757 &
2115 1698 2179 1758 ad¬

1235 1746 1418 1806 strictoriis
1440 1748 1666 1808 commisceri
1683 1747 1787 1807 solet.
1810 1745 1937 1805 Alvum
1954 1745 2053 1805 sistit,
2064 1745 2097 1805 in
2114 1747 2185 1807 ovo

1230 1795 1361 1855 sumta,
1379 1796 1430 1856 aut
1448 1797 1591 1857 clystere
1608 1796 1740 1856 infusa.
1769 1796 1884 1856 Datur
1895 1796 2073 1856 jecinoris
2090 1796 2182 1856 vitio

1228 1846 1518 1906 laborantibus.
1534 1846 1752 1906 Dioscorides.

1281 1894 1503 1954 RUBRICA
1526 1894 1661 1954 fabrilis
1679 1893 1725 1953 ad
1743 1892 1866 1952 omnia
1889 1892 2065 1952 Sinopide
2088 1894 2187 1954 infe¬

1221 1939 1304 1999 rior
1322 1942 1376 2002 est.
1387 1943 1535 2003 Optima
1559 1942 1743 2002 Aegyptia
1767 1940 1803 2000 &
1820 1940 2135 2000 Carthaginensis,
2147 1942 2200 2002 la¬

1225 1991 1356 2051 pidum
1378 1993 1509 2053 expers.
1520 1991 1684 2051 friabilis.
1695 1990 1864 2050 Gignitur
1881 1990 1984 2050 etiam
2001 1990 2033 2050 in
2049 1992 2180 2052 Iberia,

1236 2040 1319 2100 quae
1336 2041 1380 2101 ad
1397 2042 1604 2102 Occidentem
1620 2041 1771 2101 spectat,
1788 2039 1899 2099 ochra
1921 2039 2050 2099 exusta,
2066 2041 2106 2101 &
2117 2041 2178 2101 de¬

1232 2089 1434 2149 gencrante
1450 2090 1481 2150 in
1496 2089 1694 2149 rubricam.
1709 2087 1922 2147 Dioscorides.

1283 2137 1441 2197 OMNIS
1463 2138 1545 2198 terra
1566 2138 1609 2198 ad
1626 2138 1778 2198 medendi
1789 2138 1892 2198 usum
1909 2138 2067 2198 recepta,
2078 2138 2175 2198 sum¬

1222 2186 1334 2246 mam
1356 2188 1393 2248 &
1409 2188 1569 2248 primam
1585 2188 1660 2248 vim
1675 2186 1788 2246 habet
1804 2186 2060 2246 refrigerandi,
2076 2186 2182 2246 mea¬

1225 2236 1364 2296 tusque
1386 2237 1620 2297 obducendi,
1637 2236 1961 2296 occludendique:
1978 2236 2039 2296 sed
2061 2237 2178 2297 specie

1228 2284 1355 2344 distat,
1367 2285 1454 2345 cùm
1466 2286 1536 2346 alia
1553 2287 1738 2347 adjunctis
1756 2287 1989 2347 quibusdam
2012 2287 2053 2347 ad
2070 2287 2134 2347 alia
2151 2287 2191 2347 sit

1227 2333 1344 2393 utilis.
1360 2333 1579 2393 Dioscorides.

1281 2383 1571 2443 ERETRIADES
1596 2383 1677 2443 duae
1689 2383 1782 2443 sunt:
1794 2383 1863 2443 una
1881 2383 2110 2443 vehementer
2128 2381 2171 2441 al¬

1228 2431 1275 2491 ba
1299 2431 1353 2491 est,
1359 2431 1466 2491 altera
1484 2431 1662 2491 cineritia.
1674 2431 1828 2491 Optima
1846 2431 2001 2491 habetur
2019 2431 2060 2491 ad
2078 2432 2173 2492 cine¬

1213 2479 1324 2539 ream
1341 2480 1508 2540 colorem
1525 2480 1675 2540 vergens
1698 2480 1876 2540 petquàm
1893 2480 2038 2540 mollis:
2054 2480 2132 2540 quae
2144 2480 2171 2540 si

1217 2531 1279 2591 per
1300 2530 1499 2590 aeramenta
1524 2530 1671 2590 tractim
1692 2530 1875 2590 ducatur,
1885 2530 2026 2590 lineam
2047 2530 2167 2590 viola¬

1223 2577 1320 2637 ceam
1340 2579 1442 2639 refert
1462 2579 1626 2639 Lavatur
1641 2579 1677 2639 ut
1692 2579 1840 2639 cerussa,
1851 2579 1906 2639 aut
1922 2579 1958 2639 in
1973 2579 2070 2639 hunc
2085 2581 2172 2641 mo¬

1224 2626 1330 2686 dum.
1346 2627 1489 2687 Teritur
1505 2627 1681 2687 seorsum,
1691 2627 1718 2687 &
1733 2627 1813 2687 cum
1829 2627 1941 2687 aqua,
1951 2627 2015 2687 ubi
2025 2627 2169 2687 pessum

1217 2675 1309 2735 jerit,
1320 2677 1456 2737 humor
1473 2677 1592 2737 leviter
1609 2677 1815 2737 excolatur:
1832 2675 1957 2735 siccata
1979 2676 2131 2736 solibus,
2142 2677 2175 2737 i¬

1212 2725 1336 2785 terum
1358 2726 1482 2786 teritur
1498 2726 1670 2786 interdiu,
1685 2726 1826 2786 adjecta
1847 2726 1956 2786 aqua,
1972 2726 2008 2786 ut
2023 2726 2191 2786 vespere,

1213 2774 1406 2834 considat:
1422 2774 1646 2834 antelucanis
1667 2774 1750 2834 colo
1772 2774 1990 2834 excernitur,
2006 2774 2037 2834 &
2053 2774 2168 2834 demum

1217 2822 1251 2882 in
1268 2823 1344 2883 sole
1361 2825 1455 2885 trita,
1466 2825 1483 2885 si
1496 2825 1571 2885 fieri
1589 2824 1722 2884 potest,
1739 2821 1914 2881 digeritur
1931 2821 1966 2881 in
1984 2821 2163 2881 pastillos.

1219 2872 1338 2932 Quòd
1357 2872 1375 2932 si
1392 2873 1482 2933 tosta
1500 2872 1739 2932 desideretur,
1751 2872 1883 2932 pastilli
1901 2872 2164 2932 magnitudine

1213 2923 1335 2983 ciceris
1352 2923 1385 2983 in
1402 2923 1507 2983 fictile
1524 2921 1713 2981 perforatum
1729 2921 1963 2981 conjiciuntur,
1979 2920 2085 2980 oreque
2096 2920 2157 2980 va¬

1206 2971 1250 3031 sis
1268 2971 1463 3031 diligenter
1480 2971 1670 3031 obturato,
1682 2969 1782 3029 supra
1804 2969 1989 3029 carbones
2006 2969 2169 3029 canden¬

1197 3019 1264 3079 tes
1281 3020 1516 3080 continenter
1533 3019 1650 3079 follib.
1661 3017 1880 3077 perflantur:
1897 3017 1958 3077 ubi
1975 3017 2059 3077 verò
2075 3017 2165 3077 cinis

1204 3069 1240 3129 in
1256 3068 1396 3128 favillas
1417 3068 1443 3128 se
1463 3068 1666 3128 convertit,
1682 3067 1738 3127 aut
1759 3067 1863 3127 aereum
1884 3067 2050 3127 colorem
2071 3067 2159 3127 con¬

1202 3119 1330 3179 traxit,
1341 3119 1497 3179 exempti
1514 3116 1759 3176 reconduntur.
1770 3115 1793 3175 *
1809 3115 1893 3175 Vim
1909 3115 2015 3175 habet
2032 3115 2160 3175 astrin¬

1203 3170 1365 3230 gentem,
1378 3170 1410 3230 &
1423 3169 1708 3229 refrigeratoriam,
1721 3169 1838 3229 leviter
1857 3167 2077 3227 mollientem:
2091 3163 2155 3223 ca¬

2035 3215 2135 3275 12e2
