2479 3508
225 24 2292 130 37            De Terris.               38
225 119 269 179 va
288 118 440 178 explet,
453 118 491 178 &
504 118 815 178 sanguinolenta
841 118 1113 178 conglutinat.
1133 119 1241 179 Dio¬

231 172 396 232 scorides.

273 223 429 283 SAMIA
461 221 649 281 praefertur
672 221 845 281 candida,
853 221 962 281 levis,
970 223 1150 283 tangenti
1167 224 1237 284 lin¬

225 274 308 334 guae
331 274 489 334 glutinis
508 274 637 334 modo
660 275 943 335 adhaerescens,
955 276 1102 336 mollis,
1108 277 1250 337 succo¬

221 328 279 388 sa,
292 326 487 386 fiabilis:
500 326 734 386 cujusmodi
753 328 818 388 est,
831 328 948 388 quam
968 328 1090 388 aliqui
1117 328 1241 388 colly¬

223 377 309 437 rion
325 377 491 437 vocant.
502 377 598 437 Duae
615 379 717 439 enim
738 379 883 439 species
899 380 1001 440 ejus:
1018 382 1135 442 unam
1151 382 1243 442 antè

227 428 427 488 diximus:
449 430 564 490 altera
586 430 689 490 Aster
706 431 951 491 appellatur,
968 433 1184 493 crustacea,
1201 433 1241 493 &

222 482 321 542 cotis
338 481 466 541 modo
488 481 699 541 praedensa.
721 482 855 542 Uritur
877 484 910 544 ac
932 484 1088 544 lavatur,
1099 484 1138 544 ut
1155 484 1238 544 Ere¬

224 536 313 596 tria,
331 533 498 593 vimque
523 532 773 592 consimilem
797 533 940 593 habet.
977 535 1239 595 Sanguinis

218 586 463 646 rejectiones
486 584 609 644 sistit:
627 584 807 644 foeminis
830 586 1012 646 fluxione
1035 587 1163 647 vulvae
1181 589 1239 649 la¬

212 637 488 697 borantibus,
505 635 591 695 cum
614 635 712 695 flore
730 637 919 697 sylvestris
942 638 1097 698 punicae
1114 641 1241 701 datur.
1253 642 1281 702 I

222 688 395 748 Testium
417 688 463 748 &
479 688 749 748 mammarum
771 691 1146 751 inflammationes,
1169 692 1247 752 illi¬

216 742 251 802 ta
280 742 322 802 ex
345 740 515 800 rosaceo
544 740 585 800 &
597 740 731 800 aqua,
743 742 971 802 refrigerat:
994 743 1158 803 sudores
1182 745 1241 805 ar¬

225 796 292 856 cet:
309 794 450 854 contra
467 793 704 853 serpentium
727 794 901 854 morsus,
918 796 952 856 &
964 797 1133 857 venena,
1144 797 1245 857 pota

229 846 259 906 ex
283 844 384 904 aqua
401 844 627 904 auxiliatur.
645 844 769 904 Quòd
787 844 806 904 si
823 845 900 905 non
918 845 960 905 sit
978 847 1007 907 in
1025 850 1234 910 promptu,

228 896 299 956 ejus
330 896 431 956 loco
466 896 741 956 substituatur,
753 898 854 958 lapis
878 899 1117 959 haematites.
1146 900 1236 960 Dio¬

234 949 387 1009 korides.

278 1000 403 1060 CHIA
430 1000 515 1060 eligi
535 1000 647 1060 debet
666 1001 852 1061 candida,
865 1003 1056 1063 vergens,
1069 1004 1116 1064 ad
1135 1004 1234 1064 cine¬

223 1055 308 1115 rem,
321 1054 454 1114 Samię
481 1052 626 1112 similis.
632 1054 686 1114 Est
705 1054 837 1114 autem
857 1055 1036 1115 crustosa,
1049 1058 1240 1118 albaque,

228 1106 282 1166 sed
305 1105 454 1165 fictitus
472 1105 615 1165 formis
632 1105 841 1165 differens.
858 1105 966 1165 *Vis
989 1106 1126 1166 eadem
1144 1109 1233 1169 quae

221 1156 260 1216 &
277 1156 448 1216 Samiae;
472 1156 648 1216 extendit
665 1157 836 1217 faciem,
859 1159 905 1219 &
922 1160 1087 1220 erugat,
1110 1162 1230 1222 atque
1253 1162 1275 1222 C

221 1210 469 1270 splendidam
487 1210 638 1270 teddit:
662 1211 842 1271 colorem
861 1211 897 1271 in
909 1211 1024 1271 facie,
1042 1211 1078 1271 &
1097 1210 1248 1270 corpo¬

215 1261 343 1321 retoto
363 1261 650 1321 commendat.
666 1262 701 1322 in
728 1263 876 1323 balneo
897 1264 963 1324 pro
983 1264 1081 1324 nitro
1106 1265 1230 1325 deter¬

227 1311 292 1371 get.
306 1314 553 1374 Dioscorides.

276 1366 427 1426 Eadem
444 1366 602 1426 praestat
619 1366 899 1426 SELINUSIA:
910 1366 1079 1426 maximè
1097 1366 1236 1426 lauda¬

231 1415 288 1475 tur,
299 1415 385 1475 quae
402 1417 659 1477 vehementer
676 1420 904 1480 resplendet,
915 1420 1098 1480 candida,
1109 1420 1218 1480 friabi

233 1470 282 1530 lis,
288 1469 315 1529 &
332 1468 513 1528 humore
535 1468 623 1528 dilui
646 1469 860 1529 celerrima.
877 1471 1103 1531 Dioscorides.

281 1522 550 1582 CIMOLIAE
580 1523 656 1583 duo
673 1522 832 1582 genera,
843 1522 1025 1582 candida,
1037 1522 1072 1582 &
1083 1523 1131 1583 ad
1148 1523 1237 1583 pur¬

242 1573 378 1633 purtum
396 1574 623 1634 inclinans.
641 1574 812 1634 Optima
834 1574 1085 1634 existimatur,
1103 1574 1182 1634 quae
1199 1574 1257 1634 in¬

252 1623 351 1683 natim
386 1625 526 1685 habet
555 1627 881 1687 pinguedinem,
905 1625 1098 1685 tactuque
1126 1624 1237 1684 frigi¬

249 1673 283 1733 da
300 1676 460 1736 sentitur.
478 1677 512 1737 *
529 1678 707 1738 Utraque
724 1676 839 1736 aceto
856 1676 993 1736 diluta,
1010 1679 1233 1739 parotidas,
1250 1683 1273 1743 i

257 1729 347 1789 kalia
364 1729 572 1789 tubercula
596 1729 769 1789 discutit.
793 1730 983 1790 Ambusta
1001 1729 1108 1789 igne,
1126 1729 1150 1789 si
1162 1729 1233 1789 sta¬

247 1781 297 1841 tim
319 1781 480 1841 cimolia
497 1781 753 1841 oblinantur,
770 1781 937 1841 pustulas
960 1781 1037 1841 non
1054 1781 1237 1841 sentiunt:

237 1832 369 1892 testium
386 1834 571 1894 duritias,
583 1834 617 1894 &
634 1834 755 1894 totius
778 1834 957 1894 corporis
974 1834 1233 1894 collectiones

236 1885 396 1945 cohibet:
414 1885 500 1945 igni
518 1885 621 1945 sacro
644 1886 874 1946 imponitur.
886 1886 920 1946 In
937 1886 1116 1946 summa,
1133 1886 1236 1946 utra¬

238 1936 302 1996 que
318 1936 489 1996 multum
516 1936 553 1996 in
569 1937 766 1997 medicina
788 1937 1119 1997 commendatur,
1130 1939 1157 1999 si
1178 1939 1237 1999 in¬

240 1989 430 2049 corruptae
448 1991 650 2051 originis,
663 1991 730 2051 nec
755 1991 878 2051 spuria
902 1993 1129 2053 assumatur.
1154 1993 1246 2053 Dio¬

240 2041 388 2101 scorides.

1273 119 1484 179 Quae
1497 118 1741 178 PNIGITIS
1760 118 1918 178 dicitur,
1932 118 2063 178 colore
2084 119 2156 179 ferè
2176 120 2327 180 Eretriae

1308 171 1440 231 similis
1470 170 1542 230 est,
1554 169 1841 229 grandioribus
1865 169 2027 229 tantùm
2057 172 2213 232 glebis:
2231 173 2320 233 ma¬

1314 223 1410 283 num
1433 221 1457 281 si
1474 221 1558 281 quis
1576 220 1820 280 admoveat;
1832 222 2099 282 refrigerabit:
2117 224 2224 284 tactu
2248 226 2325 286 lin¬

1308 275 1395 335 guae
1419 274 1547 334 usque
1571 274 1669 334 adeò
1693 274 1920 334 glutinosa,
1932 275 1973 335 ut
1991 275 2142 335 pensilis
2166 277 2323 337 haereat.

1319 325 1396 385 Cui
1415 325 1581 385 effectus
1599 325 1712 385 idem
1736 326 1801 386 qui
1826 326 2016 386 cimoliae,
2040 328 2159 388 paulò
2183 330 2320 390 tamen

1307 379 1522 439 infirmior.
1545 379 1661 439 Hanc
1684 379 1812 439 aliqui
1829 379 1900 439 pro
1923 380 2108 440 eretriade
2126 382 2317 442 vendunt.

1316 430 1547 490 Dioscorides.

1366 482 1535 542 MELTA
1556 482 1693 542 colore
1714 482 1910 542 cineream
1938 484 2112 544 eritream
2128 485 2320 545 imitatur,

1312 533 1440 593 aspera
1465 532 1601 592 tactu:
1619 532 1662 592 ea
1686 533 1822 593 digitis
1846 535 1988 595 friata,
2006 537 2129 597 derasi
2153 538 2326 598 pumicis

1310 586 1439 646 modo
1456 586 1638 646 crepitat.
1656 586 1685 646 *
1702 586 1796 646 Vim
1813 586 1931 646 habet
1949 587 2242 647 aluminosam,
2253 590 2317 650 sed

1280 637 1600 697 remissiusculam,
1612 637 1646 697 id
1670 637 1781 697 quod
1798 638 1903 698 gustu
1926 640 2211 700 deprehenditur:
2223 640 2322 700 mo¬

1316 689 1391 749 dicè
1409 689 1589 749 linguam
1607 689 1741 749 siccat:
1764 689 1863 749 purum
1880 691 2020 751 corpus
2037 691 2177 751 reddit,
2194 692 2229 752 &
2247 694 2322 754 co¬

1302 741 1436 801 lorem
1458 740 1738 800 commendat:
1749 740 1856 800 pilos
1878 742 2085 802 extenuat:
2107 743 2320 803 vitiligines

1307 795 1343 855 &
1361 792 1487 852 lepras
1511 791 1709 851 abstergit.
1732 793 1960 853 Pictoribus
1978 794 2086 854 usum
2110 796 2265 856 praebet,
2277 797 2313 857 ut

1307 845 1464 905 colores
1487 844 1632 904 diutiùs
1650 844 1848 904 perennent.
1871 846 2092 906 Emplastris
2110 850 2313 910 viridibus,

1317 898 1400 958 quae
1418 895 1563 955 chlorae
1580 895 1782 955 dicuntur,
1793 898 1995 958 efficaciter
2011 901 2202 961 inseritur.
2219 901 2258 961 Et
2275 899 2325 959 o¬

1306 949 1392 1009 mni
1409 947 1518 1007 Melia
1541 947 1650 1007 terra,
1661 947 1695 1007 &
1707 948 1821 1008 omni
1838 949 1907 1009 alia
1930 950 1965 1010 in
1982 952 2222 1012 universum,
2234 952 2319 1012 eligi

1308 1000 1424 1060 debet
1442 1000 1588 1060 recens,
1600 1001 1752 1061 mollis,
1763 1001 1822 1061 non
1839 1003 2032 1063 lapidosa,
2043 1004 2224 1064 friabilis,
2236 1006 2318 1066 quae

1310 1054 1397 1114 cùm
1415 1051 1626 1111 humorem
1643 1052 1824 1112 attigerit,
1836 1055 1947 1115 facilè
1964 1057 2192 1117 resolvatur.
2221 1054 2320 1114 Dio¬

1305 1105 1488 1165 scorides.

1364 1157 1408 1217 Ex
1431 1156 1768 1216 AMPELITIDE
1790 1159 1919 1219 terra,
1942 1160 2038 1220 quae
2054 1162 2318 1222 pharmacitis

1305 1209 1470 1269 nomine
1486 1208 1523 1268 in
1539 1210 1709 1270 Seleucia
1731 1210 1842 1270 Syriae
1863 1211 2039 1271 nascitur,
2049 1213 2225 1273 laudatur
2241 1213 2321 1273 im¬

1309 1261 1440 1321 primis
1457 1261 1593 1321 nigra,
1605 1261 1725 1321 piceae
1742 1261 1895 1321 longos
1919 1263 2106 1323 carbones
2124 1265 2317 1325 referens.

1308 1312 1468 1372 modicè
1485 1312 1646 1372 alluosa,
1658 1313 1841 1373 aequabili
1859 1315 2082 1375 splendore,
2099 1315 2186 1375 quae
2203 1315 2317 1375 detri¬

1290 1363 1352 1423 ta,
1363 1364 1527 1424 accepto
1549 1366 1662 1426 oleo,
1673 1366 1803 1426 statim
1820 1366 2034 1426 eliquescit.
2056 1366 2202 1426 Vitiosa
2225 1366 2316 1426 cen¬

1302 1417 1402 1477 setur
1418 1417 1600 1477 candida,
1622 1417 1655 1477 &
1671 1417 1842 1477 cinerea,
1859 1417 1947 1477 quae
1958 1417 1997 1477 in
2013 1418 2217 1478 liquorem
2233 1420 2316 1480 non

1296 1468 1528 1528 resolvitur.
1540 1468 1564 1528 *
1576 1468 1674 1528 Vim
1699 1469 1913 1529 dissipandi
1931 1469 1962 1529 &
1980 1471 2231 1531 refrigerandi
2249 1471 2316 1531 ha¬

1305 1520 1386 1580 bet.
1404 1520 1451 1580 ad
1468 1522 1742 1582 calliblephara
1760 1522 1934 1582 additur,
1947 1523 2144 1583 tingendis
2168 1522 2313 1582 capillis

1310 1571 1475 1631 idonea.
1509 1572 1613 1632 Usus
1630 1573 1710 1633 ejus
1732 1573 1773 1633 ad
1795 1574 2001 1634 illinendas
2024 1574 2133 1634 vites,
2150 1574 2213 1634 sub
2235 1574 2321 1634 ger¬

1312 1622 1541 1682 minationis
1568 1625 1760 1685 tempus,
1781 1626 1924 1686 uipote
1951 1627 2042 1687 cum
2063 1628 2313 1688 innascentes

1273 1676 1551 1736 vermitulos
1572 1675 1722 1735 enecet.
1738 1676 1968 1736 Dioscorides.

1355 1727 1649 1787 FORNACEAE
1671 1726 1777 1786 testae
1799 1728 2054 1788 vehementer
2076 1730 2220 1790 postae,
2237 1730 2325 1790 cru¬

1307 1778 1379 1838 stas
1398 1778 1589 1838 ulceribus
1614 1778 1848 1838 obducunt:
1866 1780 1980 1840 quare
2004 1781 2190 1841 prungio,
2202 1781 2238 1841 &
2256 1782 2328 1842 pa¬

1318 1831 1490 1891 pularum
1524 1831 1796 1891 eruptionibus
1830 1832 2058 1892 medentur.
2086 1832 2314 1892 Podagricis

1310 1885 1495 1945 prosunt:
1513 1885 1681 1945 strumas
1711 1886 1950 1946 discutiunt,
1974 1888 2105 1948 cerato
2136 1888 2321 1948 exceptae.

1312 1936 1552 1996 Dioscorides.

1344 1988 1616 2048 FORNACUM
1647 1988 1774 2048 terra,
1798 1988 1888 2048 quae
1913 1990 2100 2050 retorrida
2125 1993 2318 2053 fulvescit,

1299 2044 1479 2104 eiusdem
1498 2044 1589 2104 cum
1608 2044 1699 2104 testa
1718 2044 1899 2104 effectus.
1912 2042 2144 2102 Dioscorides.
