2479 3508
158 62 360 129 41
1034 59 1139 119 De
1174 60 1499 120 Metallis.

2206 74 2299 134 42

440 120 986 218 De metallis temperatis.
318 176 1225 264 AURUM (Ital. & Hilp. Oro. Gal. or. Germ.
205 220 1231 332 Goldt) omnium metallorum praestantissi¬
310 297 1233 384 mum est, ductile, colore lucido, illique persi¬
198 354 1219 430 mile, quo cuncta à Sole illustrantur. Insuper pro¬
209 406 1230 481 pria quadam attractrice vi pollet, qua respicien¬
206 461 1235 533 tium animos allicit, & disponit, ut ab ipsis illicò
200 516 1237 591 desideretur. Unde quidam existimarunt, auro
205 573 1234 643 proprias quàmplurimas inesse dotes. In Italia
217 626 1246 677 propriae sinceri auri fodinae (quod sciam) nulli¬
213 672 1234 746 bi extant. Atqui in Germania, Pannonia ac
202 721 1238 781 Transylvania eae pluribus in locis habentur. Au¬
208 776 1235 844 ri venam iis omnibus locis crediderim gigni, ubi
211 828 1237 901 coelum id causae elementaris influat, ac dispo¬
205 874 1237 929 nat. Hujus vena variis lapidibus impacta visi¬
204 927 1228 1011 tur in asperrimorum montium visceribus. Ve¬
201 973 1230 1041 rùm ea omnium praestantissima auri vena cen¬
207 1031 1226 1100 setur, cui caeruleus lapis fuerit admixtus. tantò
211 1088 1227 1145 enim melior haec, quantò ponderosior, & colo¬
207 1139 1228 1206 re vigentior: adeò ut illa caeteras praecellat, quae
219 1190 1230 1249 pluribus auri guttis scintillet, vel in qua plures
208 1241 1237 1301 auri lineae intercursantes conspiciantur. Est etiam
216 1295 1242 1347 auri ferax diversorum fluminum arena. Siquidem
220 1343 1236 1413 procul dubio constat in Hispania Tagum, in Thra¬
223 1396 1236 1462 tia Ebrum, in India Gangen & Pactolum, in Pan¬
233 1447 1239 1515 nonia Istrum, in Germania Rhenum, in Italia
226 1493 1237 1550 Padum & Ticinum, aureas ducere arenas, à qui¬
234 1541 1249 1617 bus arte quadam aurum omnium probatissimum
243 1601 1235 1659 elicitur. Veruntamen non omnibus eorum lito¬
257 1651 1242 1721 ribus aureae eaedem sunt arenae. * Aurum in o¬
245 1707 1242 1775 mmibus suis partibus aequale est, cor & vitalem
239 1749 1231 1813 facultatem mirum in modum corroborat: inseri¬
231 1807 1257 1880 tur medicamentis, quae atrabiliariis comperunt
235 1856 1254 1924 morbis. Ad haec ubi actuali cauterio sit opus, i¬
248 1911 1243 1984 gnitum aurum caeteris praestat metallis, quòd
243 1969 1257 2031 ulcus inde exortum citius consanescat. In ore
225 2017 1259 2077 contentum, anhelitus graveolentiam tollit. Auri
230 2069 1249 2143 scobs porphyrite lapide laevigata, in ea medica¬
239 2119 1247 2189 menta additur; quae ad alopecias & lichenas pa¬
228 2172 1244 2235 rantur, tam intus in corpus sumptum, quàm ex¬
237 2223 1255 2282 trà medicamentis exceptum. Haec item eodem
227 2273 1258 2340 modo diutiùs laevigata, adeò ut tactum ferè ef¬
241 2323 1259 2389 fugiat, oculis immittitur ad roborandam eorum
236 2381 1255 2435 aciem. Bibitur autem & ad cordis affectus, & ani¬
233 2432 1259 2499 mi moerores. Cardiacae, melancholiae, cordis pal¬
242 2476 1258 2549 pitationi, morbo attonito, comitiali, elephantia¬
239 2547 1271 2606 co medetur: ad haec spiritus animales, vitalesque
234 2581 1262 2657 recreat. Utendi ratio est, cùm vel candens iuscu¬
249 2632 1268 2705 lis, aliisve succis, vel destillatis intingitur, vel in
244 2691 1259 2762 pulverem redigitur, vel in oleum convertitur. Si
248 2739 1271 2807 liquidum est, duae, tres, aut plures guttę ex vino
246 2792 1267 2857 malvatico assumuntur: si pulverem ejus exhibe¬
245 2846 1279 2916 re voles, scrupuli dimidium satisfaciet: humoris
256 2898 1261 2960 candente auro imbuti cyathus. Eligitur purissi¬
260 2949 1302 3012 mum quodque, sive ex asperrimorum montium,
261 3001 1271 3082 visceribus, sive ex fluminum arenis colligatur.
262 3049 976 3132 Avicenna, Matthiolus, Andernacus.
319 3103 1215 3192 De metallis calefacientibus & siccanti¬
520 3177 1019 3270 bus in gradu secundo.
303 3246 1288 3306 FERRUM (Ital. Ferro. Gal. Fer. Hisp. Hirro,
267 3279 1297 3374 Germ. Eisen) extenuat, siccat, resolvit: scobes
1230 97 2313 204 [A] ipsius candens vino & aqua extincta, stomachi
1292 182 2310 259 imbecillitati, coeliacis, dysentericis, lienisque abs¬
1294 242 2312 313 cessui auxiliatur: profluvio urinae, menstruo¬
1288 285 2299 345 rumque, & sputo sanguinis, aqua cui ferrum can¬
1288 339 2322 404 dens intingitur, potu conducit. Squama ferri ex
1290 392 2311 460 ferro decidens dum aqua extinguitur ad ejus
1288 438 2317 517 indurationem, aliámve ob causam in fabrorum
1300 497 2308 580 officinis reperitur. De croco Martis, vide suo lo¬
1287 543 1648 606 co. Andernacus.
1349 575 2303 668 CINNABARIS (Germ Cinnober.) vera (quae
1309 675 2312 710 res mineralis erat) hodie ignoratur. Cinnabaris
1299 705 2317 762 verò neoterieorum factitia, est quiddam ex sul¬
1299 745 2325 831 phure vivo & argento vivo simul ustis. proinde
1289 810 2300 882 nulla ratione substitui debet pro cinnabari Grę¬
1297 850 2303 924 corum, quae vires habebat easdem cum haema¬
1290 903 2321 983 tite lapide, & tam rara erat, etiam aetate Diosco¬
1298 962 2303 1032 ridis, ut versicoloribus pictorum lineis vix sa¬
1305 1016 2324 1099 tis faceret: unde eam incognitam esse fateri co¬
1305 1058 1846 1139 gimur. Medici Colonienses.
1386 1109 2228 1225 De metallis calefacientibus & siccan¬
1574 1195 2058 1294 tibus in gradu tertio.
1358 1260 2324 1347 FLOS aeris grana quaedam sunt minutissima,
1312 1335 2328 1410 panici effigie, rubentia aeris modo, quae exiliunt
1306 1402 2317 1461 ac erumpunt, quando aes per cola funditur, & a¬
1311 1449 2322 1516 qua pura & frigidissima affunditur. Facilè repe¬
1306 1506 2322 1565 riri potest in aetariis officinis. Optimus est fria¬
1310 1545 2331 1614 bilis, in attritu fulvescens, milii effigie & nume¬
1316 1603 2327 1666 ro, brevis, ponderosus, modicè splendens atque
1308 1647 2324 1716 constringens, qui delimatam aeris scobem non reci¬
1333 1705 2339 1767 pit, qua saepe adulteratur. Sed id facilè depre¬
1311 1760 2327 1806 henditur, cùm dentium illisu dilatantur ramenta.
1313 1807 2336 1872 Fit autem cùm aes fornacibus fusum, in recepta¬
1321 1860 2342 1927 cula delabitur, per cola fistularum ad ea perti¬
1318 1909 2329 1975 nentium. tum huic negocio addicti ministri, sor¬
1323 1961 2341 2025 des expurgantes, aquam clarissimam infundunt,
1319 2013 2334 2077 refrigerandi proposito: itaque repentino concre¬
1324 2070 2334 2135 tu, ac addensatione, velut expuitur, & erumpit
1315 2130 2344 2192 antè dictus flos.* Adstringit, & excrescentia coer¬
1319 2176 2337 2235 cet: offusam oculis caliginem emendat, sed ma¬
1284 2189 2339 2293 [E] gnopere mordet. Quaternûm obolorum pondere
1325 2272 2335 2334 datus, crassum humorem extrahit. carnosa na¬
1320 2324 2336 2384 rium, & sedis vitia absumit: eruptiones papula¬
1332 2372 2334 2437 rum cum vino cohibet. Candidius contra diu¬
1335 2426 2335 2486 turnas autium gravitates tritus, in eas per fistu¬
1325 2475 2343 2537 lam flatù impellitur: uvam, tonsillasque reprimit,
1336 2528 2251 2598 farina ejus cum melle admota. Dioscorides.
1386 2582 2337 2650 AES ustum probatur rubrum, & quod con¬
1331 2598 2347 2700 tritu colore cinnabarim imitetur: nigrum verò
1348 2687 2340 2750 plus quàm deceat, exustum est. Fit autem à cla¬
1336 2737 2352 2802 vis solutatum navium, fictili crudo compositis:
1336 2787 2357 2857 subsperso sulphure cum sale pari, omnibus vi¬
1353 2840 2356 2903 cissim inspersis, fictile, circumlito figulari cre¬
1342 2890 2363 2950 ta spiramento, fornacibus inditur, donec figli¬
1302 2943 2357 3017 num percoquatur. Quidam pro sulphure & sale
1332 3002 2356 3067 alumen inspergunt. Alii sine sulphure ac sale fi¬
1343 3053 2354 3113 ctili multos dies urunt. Alii sulphure solo utun¬
1350 3107 2350 3166 tur, fuliginem tamen excutiunt. Alii oblitos scis¬
1336 3159 2363 3221 sili alumine clavos cum sulphure & aceto, fictili
1361 3210 2357 3265 crudo cremant. Alii in aenea olla aceto respersos
1288 3251 2358 3318 urunt, ac iterum & tertiò idem efficiunt postea
1297 3293 2363 3377 recondunt. Principem locum tenet, in Memphi¬
