2479 3508
163 97 1655 180 43 Antidotarii specialis LIB. I. 44
171 175 219 235 de
236 173 493 233 combustum:
511 173 737 233 proximum,
743 173 779 233 in
797 173 922 233 Cypro
958 173 1118 233 Astrin

168 227 242 287 git,
259 226 413 286 exiccat,
424 224 607 284 reprimit,
624 223 812 283 extenuat;
829 223 999 283 attrahit:
1017 221 1130 281 ulcera

179 275 327 335 purgat.
338 275 373 335 &
384 275 429 335 ad
446 274 658 334 cicatricem
675 272 858 332 perducit:
869 272 955 332 vitia
977 274 1142 334 oculorum

167 323 361 383 emendat,
377 324 645 384 excrescentias
661 323 692 383 in
713 323 818 383 carne
839 322 1050 382 consumit,
1066 323 1139 383 no¬

175 373 258 433 mas
291 374 470 434 cohibet:
487 373 659 433 vomitus
687 373 760 433 ciet
776 373 859 433 cum
882 373 1138 433 hydromelite

180 424 312 484 potum
334 424 392 484 aut
409 424 489 484 cum
506 424 615 484 melle
638 422 856 482 delinctum,
862 422 1062 482 illitumve.
1074 422 1138 482 La¬

172 472 278 532 vatur
295 472 334 532 ut
351 472 536 532 Cadmia,
547 473 699 533 mutata
721 473 849 533 quater
866 472 922 532 die
939 472 1057 532 aqua,
1068 471 1140 531 do¬

174 521 242 581 nec
260 521 359 581 nulla
378 523 521 583 proisus
546 523 670 583 sordes
688 523 868 583 ęmergat.
880 521 1090 581 Dinscorides.

224 571 408 631 SQUAMA
424 572 503 632 aTris
525 572 663 632 excussa
686 572 719 632 ex
736 572 876 632 Cypriis
898 571 1137 631 offirinarum

179 620 309 680 clavis,
315 622 420 682 crassa
445 623 599 683 quidem
612 623 686 683 ipsa
705 622 946 682 praestantior,
958 621 1039 681 quae
1051 620 1138 680 heli¬

168 671 223 731 tis,
235 671 273 731 id
295 671 350 731 est,
361 671 510 731 clavaris
526 671 763 731 nominatur.
780 671 847 731 Sed
869 671 901 731 ex
924 670 984 730 vili
1001 670 1138 730 promi¬

180 720 320 780 scuoque
331 722 413 782 aere,
425 722 483 782 aut
501 721 647 781 tandido,
665 721 787 781 vitiosa
811 721 1044 781 intelligitur:
1056 722 1149 782 quam,

180 770 316 830 utpote
332 770 484 830 tenuem
500 770 533 830 &
550 770 772 830 invalidam,
783 769 1006 829 damnamus
1028 769 1141 829 maxi¬

177 820 253 880 me,
264 821 522 881 approbantes
545 821 709 881 crassam,
721 820 849 880 tusam,
861 820 1054 880 praesertim
1072 820 1096 880 si
1113 821 1149 881 a¬

177 868 252 928 cuti
269 871 425 931 respersu
442 871 645 931 aeiuginem
668 869 882 929 contrahat.
899 869 922 929 *
934 869 1026 929 Vim
1038 869 1153 929 habet

172 920 468 980 adstrictoriam,
479 922 759 982 extenuantem,
775 920 1004 980 reptimentem
1021 919 1049 979 &
1066 919 1149 979 cro¬

178 969 354 1029 dentem:
365 970 504 1030 nomas
526 971 686 1031 coërcet,
697 971 809 1031 ultera
830 971 873 1031 ad
889 970 1065 1030 ticatricem
1081 970 1157 1030 per¬

182 1018 280 1078 ducit
302 1021 389 1081 pota
406 1021 444 1081 ex
466 1022 559 1082 aqua
581 1022 711 1082 mulsa,
722 1021 859 1081 aquam
875 1021 995 1081 trahit.
1017 1019 1148 1079 Aliqui

184 1069 298 1129 farina
315 1070 511 1130 subactum
527 1072 620 1132 dant
631 1072 669 1132 in
685 1072 898 1132 catapotio.
919 1070 1088 1130 Additur
1104 1069 1147 1129 ad

180 1118 383 1178 oculorum
403 1120 708 1180 medicamenta:
728 1121 911 1181 genatum
932 1120 1063 1180 namque
1079 1118 1150 1178 sca¬

184 1167 300 1227 britiem
311 1169 486 1229 absumit,
497 1169 530 1229 &
541 1169 733 1229 fluxiones
755 1168 908 1228 exiccat.
919 1168 1133 1228 Dioscorides.

215 1217 411 1277 AERUGO
433 1219 574 1279 (Germ.
586 1219 793 1279 Spongrün)
804 1219 875 1279 rasa
891 1218 929 1278 fit
945 1217 983 1277 iis
1000 1217 1146 1277 modis.

176 1264 217 1324 In
233 1267 374 1327 cadum
395 1268 452 1328 aut
473 1268 578 1328 aliud
599 1268 896 1328 consimilevas,
906 1267 1021 1327 acetum
1037 1267 1146 1327 quàm

182 1316 401 1376 acerrimum
423 1318 642 1378 infunditur:
653 1318 916 1378 superponitur
932 1316 1020 1376 inde
1031 1316 1151 1376 inver¬

177 1365 262 1425 sum
277 1367 424 1427 aencum
439 1369 500 1429 vas
520 1369 707 1429 presertim
727 1367 1000 1427 concameratum
1015 1367 1061 1427 sin
1081 1366 1147 1426 mi¬

176 1415 267 1475 nus,
279 1417 426 1477 planum
449 1418 535 1478 sitque
552 1418 797 1478 obstructum,
808 1418 996 1478 nullumque
1008 1418 1150 1478 habeat

178 1466 417 1526 spiramentum
439 1468 630 1528 exempto,
646 1468 715 1528 quo
736 1468 928 1528 doliolum
949 1468 1151 1528 obturave¬

178 1514 240 1574 ris,
256 1516 454 1576 operculo,
464 1517 646 1577 decimam
666 1517 745 1577 post
760 1516 859 1576 diem
875 1516 1041 1576 infidens
1062 1516 1150 1576 aeru¬

180 1565 230 1625 go
252 1565 458 1625 deraditur.
481 1567 558 1627 Aut
576 1567 648 1627 aeris
665 1568 804 1628 lamina
826 1568 854 1628 in
871 1568 971 1628 eadis
994 1567 1149 1627 supera¬

183 1615 306 1675 cetum
322 1616 367 1676 ita
383 1616 635 1676 suspenditur,
641 1616 680 1676 ne
696 1618 814 1678 ipsum
831 1617 1004 1677 attingat,
1015 1616 1049 1676 &
1060 1615 1156 1675 toti¬

177 1665 268 1725 dem
284 1666 364 1726 post
380 1666 460 1726 dies
476 1667 631 1727 raditur.
652 1667 898 1727 Autmassula
919 1666 1011 1726 aeris,
1021 1666 1080 1726 aut
1096 1666 1150 1726 la¬

181 1714 284 1774 mina
311 1715 387 1775 una
420 1716 599 1776 plurésve
626 1717 795 1777 vinaceis
816 1717 898 1777 non
920 1717 1153 1777 recentibus,

179 1764 242 1824 sed
257 1765 330 1825 iam
346 1766 607 1826 acescentibus
627 1766 873 1826 conduntur,
888 1765 925 1825 &
941 1764 1045 1824 simili
1065 1762 1150 1822 mo¬

179 1813 227 1873 do
248 1816 451 1876 versantur.
467 1817 573 1877 Quin
595 1816 701 1876 etiam
722 1816 760 1876 ex
776 1814 952 1874 delimata
978 1813 1048 1873 aeris
1069 1813 1144 1873 sco¬

183 1862 227 1922 be
249 1864 419 1924 aeruginem
424 1865 540 1925 facere
556 1865 666 1925 licet:
677 1864 743 1924 nec
764 1864 841 1924 non
857 1864 868 1924 è
891 1864 1055 1924 laminis,
1071 1864 1153 1924 qui¬

182 1912 253 1972 bus
275 1913 433 1973 bracteae
455 1913 532 1973 auri
553 1913 733 1973 conclusae
756 1912 886 1972 malleo
909 1912 1110 1972 ducuntur,
1127 1913 1155 1973 si

185 1960 267 2020 quis
298 1961 356 2021 eas
376 1963 480 2023 aceto
501 1963 708 2023 respergat,
724 1963 760 2023 &
776 1963 828 2023 ter
848 1963 906 2023 aut
926 1963 1051 2023 quatei
1071 1961 1150 2021 ver¬

183 2011 248 2071 set,
259 2011 380 2071 donec
402 2012 604 2072 aefuginem
620 2014 860 2074 contrahant.
877 2012 1046 2072 Tradunt
1063 2011 1155 2071 aeru¬

180 2060 305 2120 ginem
323 2060 359 2120 in
382 2061 519 2121 Cypriis
544 2062 704 2122 metallis
722 2062 841 2122 gigni,
853 2062 1044 2122 lapidibus
1068 2063 1145 2123 qui¬

184 2110 251 2170 bus
268 2110 312 2170 dam
323 2111 502 2171 nonnihil
519 2111 592 2171 aeris
609 2113 855 2173 habentibus,
866 2113 1006 2173 quibus
1022 2113 1145 2173 aerugo

187 2161 403 2221 efflorescit:
414 2162 607 2222 adduntque
618 2163 682 2223 per
700 2164 892 2224 Caniculae
909 2164 1008 2224 aestus
1026 2164 1043 2224 è
1067 2164 1148 2224 qua¬

182 2209 272 2269 dam
288 2210 395 2270 specu
411 2212 586 2272 manare:
602 2212 661 2272 sed
676 2212 777 2272 illam
799 2212 937 2272 paucam,
953 2213 985 2273 &
1001 2213 1150 2273 optimam

184 2259 264 2319 esse:
276 2260 367 2320 hanc
384 2261 567 2321 speluncis
584 2261 778 2321 effluentem,
789 2263 977 2323 copiosam
1000 2263 1154 2323 quidem

181 2311 219 2371 &
235 2310 328 2370 boni
349 2309 496 2369 coloris,
507 2309 561 2369 sed
577 2311 768 2371 vitiosam,
779 2312 882 2372 quod
899 2312 1040 2372 lapides
1061 2311 1153 2371 mul¬

179 2360 239 2420 tos
261 2360 468 2420 collegerit.
484 2360 659 2420 Pluribus
675 2362 768 2422 autem
779 2362 904 2422 modis
926 2363 1149 2423 adulterant:

173 2410 294 2470 aliqui
310 2410 459 2470 pumice
481 2410 663 2470 admisto,
679 2410 739 2470 alii
756 2411 960 2471 marmore,
976 2411 1036 2471 alii
1053 2411 1146 2471 atra¬

179 2459 312 2519 mento
328 2459 487 2519 sutorio.
504 2459 578 2519 Sed
599 2459 923 2519 deprehendemus
940 2464 1147 2524 pumicem,

179 2509 239 2569 aut
255 2510 441 2570 marmor,
452 2510 539 2570 dum
556 2510 693 2570 pollice
709 2510 845 2570 sinistrę
868 2510 999 2570 manus
1015 2512 1147 2572 made¬

170 2560 267 2620 facto
288 2560 466 2620 aeruginis
487 2558 777 2618 portiunculam
798 2560 916 2620 altero
938 2561 1147 2621 atterimus:

180 2609 370 2669 siquidem
393 2609 472 2669 eam
488 2609 650 2669 diffundi
668 2609 1032 2669 constat:marmoris
1054 2614 1156 2674 autem,

186 2659 392 2719 pumicisque
403 2659 520 2719 partes
543 2659 677 2719 cocunt
699 2659 772 2719 non
794 2660 985 2720 dissipatae,
996 2663 1153 2723 demumque

172 2707 407 2767 tractatione
431 2707 551 2767 crebra
577 2707 611 2767 &
626 2708 801 2768 humoris
821 2710 1025 2770 complexu
1040 2711 1141 2771 deal¬

174 2756 354 2816 bescunt,
365 2755 453 2815 quin
476 2755 510 2815 &t
522 2756 690 2816 dentium
707 2758 899 2818 appressu:
911 2761 1062 2821 siquidem
1073 2761 1137 2821 sin¬

175 2807 253 2867 cera
274 2806 383 2866 cedit,
388 2806 503 2866 laevis,
519 2806 550 2866 &
560 2807 633 2867 sine
654 2809 862 2869 asperitate.
873 2810 1138 2870 Atramentum

176 2855 265 2915 verò
288 2855 467 2915 sutorium
484 2857 568 2917 igne
590 2858 820 2918 coarguitur:
837 2860 971 2920 namque
983 2861 1005 2921 si
1022 2861 1150 2921 fictile,

175 2906 237 2966 aut
253 2905 394 2965 lamina
415 2906 629 2966 adulterata
649 2908 806 2968 aerugine
827 2909 1005 2969 illinatur,
1025 2909 1062 2969 &
1073 2909 1145 2969 fer¬

175 2955 279 3015 venti
300 2954 436 3014 cinere,
452 2954 509 3014 aut
529 2956 759 3016 carbonibus
775 2960 999 3020 incalescat,
1015 2959 1145 3019 alteru¬

168 3006 270 3066 trum
291 3004 511 3064 mutabitur,
527 3005 736 3065 rubescetque
752 3007 811 3067 id;
832 3010 1143 3070 quodatramen¬

165 3056 248 3116 tum
265 3053 452 3113 sutorium
469 3053 673 3113 acceperit:
695 3056 800 3116 quòd
822 3058 861 3118 id
877 3059 999 3119 ustum
1015 3061 1142 3121 suapte

172 3104 306 3164 natura
327 3103 439 3163 talem
455 3103 604 3163 sortitur
620 3106 801 3166 colorem.
818 3109 1031 3169 Dioscoridet.

209 3154 523 3214 AERUGINIS,
539 3155 650 3215 quam
666 3157 809 3217 vocant
826 3158 1038 3218 scoleciam,
1054 3160 1128 3220 duo

181 3204 260 3264 sunt
273 3206 425 3266 genera,
444 3208 583 3268 quaedam
596 3209 720 3269 fossilis
741 3209 799 3269 est,
813 3209 918 3269 altera
938 3211 1077 3271 factitia
1096 3212 1135 3272 ad

1169 172 1187 232 A
1211 172 1314 232 hunc
1332 172 1509 232 modum.
1521 172 1558 232 In
1582 172 1764 232 mortario
1789 172 1911 232 Cyprii
1929 172 2001 232 aeris
2026 172 2184 232 dimidiam

1210 221 1404 281 heminam
1422 221 1518 281 aceti
1530 221 1604 281 albi
1621 223 1758 283 acrisque
1776 221 1913 281 pistillo
1930 221 2067 281 cupreo
2090 220 2181 280 con¬

1206 272 1333 332 terito,
1345 272 1467 332 donec
1485 272 1691 332 strigmenti
1708 272 1981 332 crassitudinem
1998 271 2182 331 imitetur:

1214 319 1354 379 deinde
1375 322 1557 382 aluminis
1572 322 1729 382 rotundi
1744 320 1963 380 drachmam
1978 320 2118 380 unam,
2134 320 2186 380 cum

1209 368 1287 428 salis
1310 370 1433 430 fossitii
1456 371 1749 431 translucentis,
1765 370 1827 430 aut
1850 370 1985 430 marini
2002 370 2109 430 quàm
2132 368 2183 428 al¬

1207 418 1357 478 bissimi,
1369 422 1545 482 solidique,
1564 422 1627 482 aut
1645 421 1740 481 certè
1759 421 1802 481 cum
1815 419 1896 479 nitri
1915 419 1990 479 pari
2003 419 2172 479 pondere

1214 470 1342 530 teritur
1365 470 1398 530 in
1420 472 1504 532 Sole
1526 470 1788 530 aestuosissimis
1817 469 1973 529 diebus,
1989 469 2051 529 sub
2073 469 2173 529 sidus

1222 519 1410 579 caniculae,
1428 520 1547 580 donec
1570 520 1708 580 colorem
1713 520 1884 580 aeruginis
1907 519 2125 579 contrahat,
2142 520 2181 580 &

1213 568 1393 628 concretu
1409 569 1714 629 striomentosum
1731 569 1807 629 fiat:
1823 569 1889 629 ubi
1905 569 1992 629 autem
2003 568 2031 628 se
2047 568 2079 628 in
2102 568 2177 628 ver¬

1210 617 1442 677 miculorum
1467 620 1675 680 Rhodiacis
1700 619 1844 679 similium
1863 619 1989 679 speciem
2008 620 2191 680 coëgerit,

1157 668 1179 728 B
1211 668 1435 728 recondito.
1467 668 1538 728 Effi
1549 670 1636 730 cax,
1653 670 1685 730 &
1701 670 1810 730 valde
1827 671 1919 731 boni
1941 670 2078 730 coloris
2094 669 2175 729 red¬

1216 716 1330 776 ditur,
1340 718 1361 778 si
1377 718 1465 778 duas
1486 719 1606 779 partes
1627 719 1772 779 veteris,
1788 719 1829 779 cum
1840 718 1908 778 una
1928 718 2017 778 aceti
2037 718 2184 778 adjece¬

1209 764 1279 824 ris,
1285 765 1320 825 &
1337 767 1420 827 alia,
1431 769 1501 829 quę
1519 769 1612 829 dicta
1630 770 1724 830 sunt,
1735 769 1917 829 peregeris
1940 769 2004 829 Sunt
2022 767 2080 827 qui
2098 767 2185 827 aeru¬

1211 815 1337 875 ginem
1359 818 1513 878 rasilem,
1529 820 1612 880 quae
1629 820 1661 880 in
1678 820 1859 880 apparatu
1882 820 1959 880 non
1975 821 2189 881 respondit,

1218 870 1362 930 gummi
1384 868 1482 928 misto
1505 868 1649 928 digerant
1660 868 1695 928 in
1712 868 1879 928 formas,
1890 869 1925 929 &
1937 869 1982 929 ita
2006 868 2189 928 vendant.

1218 916 1328 976 quod
1344 919 1482 979 genus,
1493 920 1525 980 ut
1541 920 1690 980 vitiosum,
1701 919 1953 979 improbatur.
1964 917 2007 977 Fit
2030 917 2063 977 &
2079 916 2183 976 quae¬

1221 965 1275 1025 dam
1286 968 1412 1028 aerugo
1430 970 1471 1030 ab
1489 970 1686 1030 aurificibus
1709 969 1888 1029 mortario
1912 968 1948 1028 &
1960 967 2090 1027 pistillo
2115 967 2181 1027 Cy¬

1220 1015 1288 1075 prii
1300 1017 1391 1077 aeris,
1403 1018 1449 1078 cum
1455 1019 1558 1079 utina
1581 1019 1873 1079 puertimpubis,
1884 1018 1953 1078 qua
1970 1018 2061 1078 aurum
2079 1018 2187 1078 ferru¬

1218 1066 1385 1126 minant.
1401 1069 1602 1129 Antedicta
1618 1069 1791 1129 aeruginum
1808 1067 1941 1127 genera
1958 1067 2047 1127 usto
2064 1067 2125 1127 aeri
2142 1068 2180 1128 o¬

1216 1115 1353 1175 mninò
1376 1118 1587 1178 respondent,
1599 1120 1656 1180 sed
1673 1120 1794 1180 magis
1811 1118 1942 1178 effectu
1965 1117 2073 1177 valent.
2085 1117 2187 1177 Scien¬

1169 1166 1328 1226 dum,
1334 1168 1493 1228 fossilem
1510 1168 1674 1228 scoleciam
1685 1168 1975 1228 praestantissimam
1992 1167 2072 1227 esse:
2083 1166 2190 1226 dera¬

1212 1215 1293 1275 sam
1311 1216 1422 1276 sequi:
1433 1217 1620 1277 postremo
1643 1217 1731 1277 loco
1748 1217 1900 1277 factitiam,
1912 1217 2185 1277 mordacissima

1218 1265 1346 1325 tamen
1369 1265 1410 1325 est
1428 1267 1503 1327 haec
1526 1267 1555 1327 &
1573 1267 1689 1327 magis
1713 1267 1928 1327 astringens.
1939 1267 2108 1327 Aurificum
2120 1267 2183 1327 au¬

1213 1313 1294 1373 tem
1305 1315 1428 1375 aerugo
1450 1316 1537 1376 rasae
1547 1318 1752 1378 respondet
1784 1318 1806 1378 1
1827 1318 1848 1378 A
1859 1318 2038 1378 trugines
2059 1318 2193 1378 omnes

1213 1364 1424 1424 assringunt
1447 1366 1669 1426 extenuant,
1681 1367 1949 1427 excalfaciunt,
1961 1367 2131 1427 oculorum
2142 1369 2189 1429 ci¬

1221 1414 1373 1474 catrices
1388 1417 1611 1477 emendant,
1626 1418 1834 1478 lachrymas
1854 1417 1976 1477 cient,
1986 1417 2128 1477 nomas
2148 1418 2184 1478 si¬

1220 1463 1333 1523 stunt,
1344 1466 1490 1526 vulnera
1510 1466 1551 1526 ab
1567 1466 1878 1526 inflammatione
1893 1466 2033 1526 tuentur.
2055 1468 2179 1528 Ulcera

1224 1513 1261 1573 ex
1277 1515 1363 1575 oleo
1384 1517 1507 1577 ceraque
1523 1517 1566 1577 ad
1582 1517 1791 1577 cicatricem
1812 1516 2037 1576 perducunt:
2053 1518 2191 1578 callos,

1229 1562 1262 1622 &
1278 1565 1426 1625 sotdida
1443 1567 1563 1627 ulcera
1585 1567 1760 1627 purgant,
1771 1565 1854 1625 cum
1870 1565 1979 1625 melle
2001 1565 2116 1625 coctę:
2127 1567 2199 1627 cal¬

1216 1612 1296 1672 lum
1312 1615 1520 1675 fistularum
1535 1616 1703 1676 ciodunt
1723 1616 1810 1676 cum
1825 1616 2100 1676 ammoniaco,
2115 1618 2191 1678 col¬

1173 1664 1195 1724 D
1222 1664 1303 1724 lyrii
1320 1664 1440 1724 modo
1461 1665 1489 1725 in
1511 1666 1565 1726 eas
1587 1666 1739 1726 adactae.
1750 1666 1793 1726 ad
1810 1667 2044 1727 gingivarum
2066 1667 2190 1727 autem

1222 1712 1509 1772 excrescentias,
1519 1715 1555 1775 &
1566 1715 1863 1775 extuberationem
1873 1715 1999 1775 utiles.
2014 1717 2187 1777 Magno¬

1227 1761 1308 1821 pere
1328 1763 1532 1823 extenuant
1547 1765 1731 1825 genarum
1746 1766 1965 1826 crassitiem,
1980 1767 2067 1827 cum
2082 1769 2189 1829 melle

1218 1809 1341 1869 illitae:
1353 1812 1482 1872 verùm
1500 1814 1582 1874 post
1599 1816 1769 1876 illitionem
1781 1816 1940 1876 spongia
1964 1817 1999 1877 ex
2022 1817 2116 1877 aqua
2134 1818 2192 1878 ca¬

1224 1860 1300 1920 lida
1316 1862 1426 1922 locus
1448 1864 1607 1924 fovendus
1628 1864 1688 1924 est.
1699 1864 1814 1924 iesina
1836 1865 2115 1925 therebinthina
2131 1867 2191 1927 ex¬

1223 1912 1357 1972 cepta,
1373 1913 1451 1973 cum
1468 1914 1535 1974 aere
1557 1915 1586 1975 &
1602 1915 1697 1975 niiro
1713 1915 1836 1975 lepias
1853 1915 2032 1975 abigunt.
2059 1917 2187 1977 Uritur

1219 1960 1365 2020 aerugo,
1376 1963 1586 2023 quamcumque
1598 1964 1703 2024 velis,
1720 1964 1959 2024 minutissimè
1977 1966 2105 2026 fracta,
2123 1966 2188 2026 con¬

1217 2011 1461 2071 minutaque,
1478 2012 1512 2072 in
1524 2014 1632 2074 fictili
1649 2014 1785 2074 pauna,
1796 2015 2040 2075 flagrantibus
2063 2019 2182 2079 prunis

1224 2062 1470 2122 superposita:
1481 2063 1738 2123 versaturque,
1750 2066 1870 2126 donec
1888 2068 2019 2128 mutet,
2031 2068 2065 2128 &
2082 2068 2190 2128 colo¬

1214 2109 1289 2169 rem
1305 2111 1492 2171 cinereum
1513 2114 1727 2174 concipiat:
1738 2116 1872 2176 postea
1894 2117 2108 2177 refrigerata
2129 2117 2188 2177 re¬

1218 2162 1377 2222 ponitur
1399 2162 1437 2222 ad
1453 2164 1579 2224 usum.
1596 2164 1706 2224 Sunt,
1722 2164 1782 2224 qui
1798 2165 1902 2225 cruda
1924 2167 1995 2227 olla
2017 2167 2061 2227 eam
2072 2170 2197 2230 utant,

1222 2209 1275 2269 uti
1291 2211 1435 2271 dictum
1450 2212 1509 2272 est:
1520 2213 1583 2273 sed
1599 2213 1658 2273 non
1668 2215 1817 2275 prorsus
1838 2216 1998 2276 eundem
2014 2218 2184 2278 colorem

1217 2260 1382 2320 cremata
1409 2261 1548 2321 reddit.
1575 2264 1799 2324 Dioscorides.
1820 2266 1943 2326 Porrò
1969 2268 2194 2328 aeruginem,

1220 2309 1326 2369 quòd
1348 2311 1471 2371 colore
1493 2312 1533 2372 sit
1549 2313 1667 2373 viridi,
1678 2314 1840 2374 officinae
1857 2314 1897 2374 ac
1913 2315 2047 2375 medici
2064 2317 2092 2377 in
2115 2318 2181 2378 Ita¬

1217 2359 1263 2419 lia
1285 2360 1326 2420 aes
1348 2360 1457 2420 viride
1480 2363 1692 2423 nuncupant,
1703 2363 1738 2423 &
1755 2365 1898 2425 vulgari
1915 2365 2087 2425 sermone
2104 2365 2185 2425 Per¬

1217 2410 1253 2470 de
1269 2410 1373 2470 rame.
1389 2411 1529 2471 Verùm
1550 2413 1727 2473 quamvis
1743 2413 1910 2473 officinae
1926 2414 1967 2474 eo
1983 2414 2014 2474 in
2035 2414 2181 2474 univer¬

1223 2459 1300 2519 sum
1316 2461 1523 2521 abundant:
1540 2462 1659 2522 sinceri
1674 2463 1799 2523 tamen
1820 2464 1949 2524 parum
1965 2465 2183 2525 ostendunt.

1218 2509 1388 2569 Scolecia
1413 2510 1585 2570 aerugine,
1597 2512 1633 2572 ac
1645 2512 1786 2572 fossitia
1804 2513 2061 2573 destituimur:
2080 2516 2184 2576 quòd

1222 2560 1333 2620 altera
1350 2560 1478 2620 (quod
1495 2561 1618 2621 sciam)
1640 2561 1707 2621 hoc
1724 2562 1897 2622 tempore
1919 2563 1997 2623 non
2019 2566 2181 2626 paretur,

1220 2609 1325 2669 altera
1348 2610 1431 2670 verò
1448 2611 1487 2671 ab
1509 2611 1637 2671 aerariis
1654 2611 1815 2671 fodinis,
1826 2611 1893 2671 ubi
1904 2611 2048 2671 fortasse
2071 2614 2182 2674 pluri¬

1215 2659 1277 2719 ma
1300 2659 1489 2719 reperitur,
1500 2660 1511 2720 à
1528 2660 1734 2720 fossoribus
1751 2660 1826 2720 non
1843 2662 2042 2722 deferatur.
2053 2665 2184 2725 Proin¬

1216 2707 1257 2767 de
1274 2709 1356 2769 cùm
1374 2710 1502 2770 harum
1525 2710 1630 2770 copia
1648 2710 1724 2770 non
1741 2710 1794 2770 sit,
1806 2710 1846 2770 eâm
1858 2711 2005 2771 tantùm
2022 2715 2179 2775 utimur,

1218 2758 1297 2818 quae
1313 2759 1377 2819 aere
1399 2759 1430 2819 in
1446 2759 1611 2819 acetanis
1627 2759 1728 2819 cadis
1750 2759 1925 2819 demisso,
1935 2761 1999 2821 aut
2015 2764 2180 2824 vinaceis

1205 2809 1279 2869 iam
1297 2810 1556 2870 acescentibus
1579 2809 1734 2869 obruto,
1746 2809 1930 2869 conficitur.
1942 2812 2188 2872 Hallucinan¬

1215 2859 1291 2919 tur,
1303 2860 1367 2920 qui
1384 2860 1559 2920 credunt,
1576 2860 1781 2920 aeruginem
1798 2860 1833 2920 &
1845 2860 1921 2920 aerii
1938 2861 2055 2921 flotem,
2067 2866 2177 2926 unam

1221 2908 1257 2968 &
1267 2909 1429 2969 eandem
1444 2908 1522 2968 rem
1538 2908 1622 2968 esse.
1632 2909 1835 2969 Mathiolus.

1264 2957 1544 3017 DIPHRYGES
1561 2958 1664 3018 quasi
1675 2959 1732 3019 bis
1749 2960 1864 3020 tostum,
1875 2961 1915 3021 est
1938 2963 2086 3023 perfecti
2103 2966 2177 3026 aeris

1214 3007 1333 3067 veluti
1346 3007 1399 3067 fex
1417 3007 1590 3067 subsidens,
1602 3008 1632 3068 &
1644 3010 1799 3070 cohęrens
1817 3011 1883 3071 ime
1900 3013 2062 3073 fornacum
2080 3016 2187 3076 parti:

1210 3056 1341 3116 ablato
1358 3058 1427 3118 aere
1450 3058 1530 3118 post
1553 3058 1661 3118 aquae
1678 3059 1822 3119 frigidae
1845 3062 2033 3122 effusionem
2045 3065 2182 3125 visitur.

1214 3106 1291 3166 acre
1313 3107 1367 3167 est,
1378 3107 1417 3167 ut
1433 3107 1477 3167 aes
1493 3109 1592 3169 ussu.
1603 3110 1789 3170 Praefertur
1810 3111 1844 3171 quod
1855 3112 2029 3172 saporem
2046 3113 2123 3173 aeris
2150 3113 2182 3173 &

1212 3156 1384 3216 aeruginis
1401 3158 1527 3218 habet,
1539 3160 1739 3220 astringens
1757 3160 1792 3220 &
1809 3161 2049 3221 vehementes
2067 3163 2181 3223 siceans

1207 3208 1351 3268 linguam,
1364 3209 1463 3269 quod
1483 3211 1601 3271 exusta
1621 3212 1733 3272 ochra
1752 3214 1818 3274 sibi
1838 3214 1884 3274 non
1897 3214 2088 3274 vendicat,
2101 3214 2161 3274 qui

2026 3265 2114 3325 tam
