2479 3508
223 33 299 93 45

1028 27 1129 87 De
1160 29 1483 89 Metallis.

2193 37 2300 97 46

208 100 333 160 tamen
352 100 558 160 diphrygis
577 98 659 158 vice
677 97 846 157 venditur:
865 98 1103 158 adulteratur
1128 100 1228 160 enim
1253 102 1290 162 A

220 154 326 214 ochra
344 152 438 212 usta,
451 151 526 211 quę
550 150 601 210 uti
619 149 825 209 diphryges
850 148 1025 208 rubescit.
1038 149 1088 209 Est
1113 151 1225 211 etiam

222 206 316 266 aliud
335 203 456 263 genus
475 202 690 262 factitium,
702 202 816 262 quod
835 202 874 262 ex
893 203 1019 263 pyrite
1038 202 1146 262 eroso
1165 202 1221 262 la¬

213 257 298 317 pide
316 256 372 316 fit,
384 254 532 314 multos
555 254 646 314 dies,
657 256 691 316 ut
715 256 805 316 calx,
817 256 1004 316 cremato,
1016 256 1142 316 donec
1159 254 1222 314 ru¬

201 309 352 369 pescat,
364 308 412 368 ut
431 307 611 367 rubrica:
629 307 768 367 deinde
793 307 986 367 sublatum
1003 308 1228 368 reponitur.

218 361 339 421 Fiebat
363 359 474 419 etiam
492 359 510 419 è
528 359 596 419 luti
614 359 822 419 cujusdam
840 361 973 421 Cyprii
992 360 1151 420 genere,
1163 356 1230 416 ho¬

223 413 272 473 die
291 412 551 472 inusitatum:
564 412 700 472 priora
725 412 818 472 verò
849 412 930 472 duo
948 412 1091 472 genera
1110 410 1227 470 facilè

207 466 357 526 reperiri
375 464 550 524 possunt.
575 463 687 523 *Vis
712 463 786 523 ejus
806 464 1030 524 astringere,
1043 467 1223 527 purgare,

216 517 418 577 extergere,
429 517 582 577 siccare,
593 517 845 577 excrescentia
867 517 1112 577 consumere,
1123 514 1228 574 ulce¬

212 569 247 629 ra
264 569 474 629 serpentia,
486 568 521 628 &
532 568 625 628 quae
637 568 823 628 cacoethe
841 568 1004 628 vocant,
1016 568 1057 628 ad
1080 568 1225 628 cicatri¬

216 622 295 682 tem
313 622 546 682 perducere.
574 620 916 680 Suppurationes,
933 620 1223 680 therebinthina
1257 622 1285 682 B

215 673 270 733 aut
287 673 422 733 cerato
444 671 668 731 exceptum,
680 673 842 733 discutit.
854 673 966 733 quod
982 673 1005 733 si
1021 673 1067 733 ad
1089 671 1223 731 manus

216 726 271 786 non
284 725 339 785 sit,
352 724 432 784 ejus
444 724 542 784 loco
561 724 796 784 marchasita
814 725 937 785 ustus,
956 725 1018 785 aut
1042 725 1085 785 aes
1110 724 1233 784 ustum

216 778 392 838 substitui
415 776 574 836 poterit.
591 775 820 835 Diescorides.

268 829 500 889 ALUMEN.
506 829 595 889 Ital.
607 829 743 889 Alume.
756 829 845 889 Gal.
857 829 969 889 Alun.
981 829 1089 889 Hisp.
1106 829 1231 889 Alum¬

222 881 283 941 bre.
299 880 490 940 German.
501 880 613 940 Aiaun
630 880 797 940 dicitur:
814 881 938 941 hujus
954 881 1060 941 apud
1077 881 1222 941 veteres

212 934 272 994 ttia
291 934 454 994 fuerunt
472 934 629 994 genera,
641 934 858 994 liquidum,
870 932 1112 992 rotundum,
1118 931 1233 991 scissi¬

218 986 270 1046 le:
283 985 365 1045 quo
382 985 581 1045 duntaxat
599 985 739 1045 utimur
763 985 821 1045 sub
845 985 1010 1045 nomine
1027 985 1179 1045 vulgari
1197 986 1233 1046 a¬

222 1037 374 1097 luminis
396 1037 565 1097 plumae.
581 1037 776 1097 Caeterùm
793 1039 1081 1099 quotiescunque
1098 1037 1131 1097 in
1152 1036 1233 1096 me¬

215 1090 428 1150 dicamenti
451 1090 618 1150 alicujus
641 1091 941 1151 compositione
970 1090 1131 1150 alumen
1148 1088 1236 1148 sim¬

229 1144 368 1204 pliciter
386 1144 586 1204 reperitur,
598 1142 726 1202 scissile
745 1141 1048 1201 intelligendum
1072 1142 1115 1202 est
1133 1143 1236 1203 velu¬
1255 1147 1297 1207 C

213 1195 242 1255 ti
254 1193 442 1253 omnium
460 1194 794 1254 efficacissimum.
806 1195 1017 1255 Optimum
1035 1195 1082 1255 est
1099 1193 1234 1253 candi¬

225 1247 435 1307 dissimum,
452 1246 566 1306 valdè
584 1247 817 1307 astringens,
829 1247 937 1307 gravi
949 1247 1099 1307 odore,
1116 1246 1170 1306 non
1182 1244 1237 1304 la¬

225 1300 431 1360 pidosum,
442 1300 531 1360 non
553 1301 825 1361 compactum,
837 1300 898 1360 sed
914 1300 1115 1360 plerumque
1126 1298 1159 1358 in
1176 1297 1238 1357 ca¬

240 1351 455 1411 pillamenta
478 1351 660 1411 quaedam
683 1349 922 1409 canescentia
945 1349 1166 1409 drhiscens.
1184 1348 1236 1408 Ex

235 1405 409 1465 Aegypto
427 1403 625 1463 adfertur.
649 1403 907 1463 Adulteratur
937 1402 1063 1462 lapide
1081 1400 1243 1460 Amian¬

236 1456 306 1516 tho,
318 1456 388 1516 sed
407 1456 522 1516 gustu
547 1456 806 1516 dignoscitur,
820 1456 927 1516 quòd
946 1456 1022 1516 non
1048 1454 1244 1514 astringat.

242 1508 356 1568 Praeter
385 1508 469 1568 jam
487 1508 642 1568 recitata
666 1508 887 1568 aluminum
904 1507 1078 1567 genera,
1090 1505 1239 1565 factitia

246 1559 290 1619 tia
307 1561 582 1621 reperiuntur;
598 1561 744 1621 nempe
766 1559 923 1619 alumen
941 1559 1114 1619 faecum,
1125 1558 1243 1618 quod

247 1610 315 1670 sta
327 1612 408 1672 vini
433 1613 601 1673 faecibus
619 1612 706 1672 Sole
719 1612 900 1672 siccatis,
912 1610 1043 1670 donec
1067 1610 1247 1670 albescant,

258 1663 354 1723 deinde
372 1664 493 1724 ustis.
505 1664 667 1724 Alumen
691 1663 884 1723 catinum,
896 1661 1004 1721 quod
1023 1661 1064 1721 fit
1076 1661 1095 1721 è
1113 1663 1305 1723 cineri¬D

252 1715 298 1775 bas
315 1717 437 1777 herbae
460 1717 552 1777 kali,
564 1717 622 1777 seu
645 1717 760 1777 Sodae
777 1715 962 1775 vulgaris.
980 1714 1153 1774 Alumen
1171 1713 1245 1773 sca¬

250 1769 358 1829 tnolae:
370 1771 504 1831 idque
523 1769 567 1829 fit
586 1769 599 1829 è
618 1769 746 1829 lapide
765 1768 974 1828 speculari.
987 1765 1107 1825 quem
1120 1765 1234 1825 vulgè

239 1823 433 1883 Speculum
457 1822 551 1882 asini
569 1820 733 1880 vocant.
745 1820 757 1880 E
786 1819 945 1879 factiuis
969 1819 1086 1879 etiam
1104 1817 1186 1877 sunt
1210 1817 1245 1877 a¬

245 1874 362 1934 lumen
380 1874 520 1934 Rocae,
532 1874 567 1934 &
579 1873 825 1933 Zuccarinum:
836 1871 936 1931 illud
954 1870 989 1930 ex
1012 1870 1141 1930 lapide
1165 1868 1252 1928 can¬

250 1927 358 1987 dido,
376 1925 585 1985 interdum
620 1924 818 1984 subrubro
847 1922 991 1982 saepiùs
1021 1922 1254 1982 praeparato:

243 1978 309 2038 hoc
332 1978 422 2038 verò
444 1978 483 2038 ex
506 1977 679 2037 alumine
696 1976 820 2036 tocae,
831 1975 1050 2035 Zacchato,
1066 1973 1100 2033 &
1117 1973 1184 2033 ovi
1201 1972 1251 2032 al¬

242 2030 395 2090 bumine
418 2029 594 2089 paratur.
612 2027 806 2087 Aluminis
824 2026 970 2086 liquidi
988 2026 1024 2086 &
1035 2026 1176 2086 rotundi
1188 2024 1252 2084 lo¬

239 2083 280 2143 co
299 2082 381 2142 satis
411 2080 648 2140 commodèm
665 2080 849 2140 usurpare
873 2078 1086 2138 possumus
1104 2077 1264 2137 alumen

240 2135 346 2195 locae.
363 2134 531 2194 Alumen
553 2132 760 2192 crassarum
783 2131 945 2191 partium
967 2130 1029 2190 est.
1040 2129 1062 2189 *
1079 2129 1168 2189 Vim
1186 2128 1252 2188 ha¬

239 2188 296 2248 bet
315 2186 589 2246 excalfaciendi,
602 2183 838 2243 astringendi
863 2183 895 2243 &
908 2183 1169 2243 expurgandi.
1182 2183 1252 2243 ul¬

251 2241 325 2301 ceta
346 2238 496 2298 putrida
517 2236 724 2296 emendat,
735 2236 894 2296 humida
915 2236 1081 2296 exiceat:
1097 2235 1256 2295 carnem

238 2291 651 2351 superexcrescentem
679 2289 865 2349 coërcet:
888 2287 1080 2347 pruritum
1097 2286 1221 2346 tollit,
1233 2285 1266 2345 &

234 2344 398 2404 scabiem
417 2344 541 2404 sanat,
554 2344 633 2404 &c.
646 2342 817 2402 Galenus,
830 2341 1052 2401 Dioscorides,
1059 2341 1098 2401 &
1117 2341 1254 2401 Floren¬

242 2396 314 2456 tini
331 2396 474 2456 Medici.

296 2450 407 2510 SAL.
422 2449 557 2509 Germ.
573 2447 691 2507 Salg.
699 2447 802 2507 Gall.
818 2446 873 2506 Du
889 2446 960 2506 Sel.
968 2446 1055 2506 Ital.
1063 2444 1150 2504 Sale.
1157 2443 1268 2503 Hisp.

246 2503 314 2563 Sal,
325 2501 479 2561 nativus
502 2500 548 2560 est
570 2500 604 2560 &
616 2500 809 2560 factitius.
827 2500 998 2560 Nativus
1015 2498 1072 2558 vel
1089 2496 1129 2556 in
1146 2494 1254 2554 terra,

246 2554 306 2614 vel
322 2554 366 2614 ad
388 2554 492 2614 mare
514 2554 552 2614 ex
574 2554 672 2614 aqua
694 2552 863 2612 marina,
874 2551 935 2611 vel
951 2551 989 2611 in
1005 2549 1186 2609 lacubus,
1203 2546 1262 2606 vel

245 2606 279 2666 in
296 2605 556 2665 fluminibus,
567 2605 630 2665 aut
642 2605 682 2665 in
699 2605 901 2665 fontibus.
924 2603 1062 2663 Nativi
1079 2601 1263 2661 quamvis

255 2660 364 2720 vatiae
376 2657 449 2717 sint
473 2657 723 2717 differentiae,
741 2657 942 2717 diversisque
954 2656 1051 2716 locis
1069 2653 1264 2713 reperian¬

249 2711 321 2771 tur,
333 2711 366 2771 in
383 2710 494 2770 usum
511 2710 623 2770 tamem
640 2710 841 2770 medicum
858 2708 930 2768 tres
953 2707 1092 2767 recepti
1109 2705 1209 2765 sunt:
1220 2704 1266 2764 vi¬

255 2764 392 2824 delicet
409 2764 460 2824 sal
478 2762 793 2822 Ammoniacus,
804 2761 924 2821 vulgò
941 2758 1193 2818 Armeniacus
1216 2756 1274 2816 di¬

258 2816 360 2876 ctus,
366 2815 414 2875 sal
432 2815 618 2875 gemmae,
630 2813 666 2873 &
678 2813 732 2873 sal
744 2813 888 2873 Indus.
906 2812 954 2872 Ex
972 2812 1026 2872 his
1044 2812 1134 2872 verò
1158 2810 1272 2870 salem

248 2866 418 2926 gemmae
440 2867 637 2927 duntaxat
654 2866 879 2926 habemus,
890 2863 1132 2923 candidum,
1142 2861 1275 2921 trans¬

252 2920 414 2980 lucentem
426 2920 751 2980 crystallimodo,
764 2917 858 2977 estque
870 2917 920 2977 sal
933 2915 1089 2975 fossilis.
1120 2914 1183 2974 Sal
1207 2914 1270 2974 Ar¬

263 2972 463 3032 meniacus
485 2972 605 3032 hodie
622 2971 764 3031 dictus,
776 2970 860 3030 non
884 2969 929 3029 est
946 2968 1117 3028 nativus,
1134 2968 1197 3028 sed
1214 2966 1270 3026 fa¬

265 3023 414 3083 ctitius.
432 3023 489 3083 Ex
513 3023 612 3083 eorum
625 3023 781 3083 genere,
799 3023 862 3083 qui
880 3022 1011 3082 sponte
1029 3022 1067 3082 in
1079 3020 1191 3080 aquis
1210 3019 1279 3079 ge¬

258 3076 475 3136 nerantur,
492 3074 624 3134 multae
641 3074 727 3134 sunt
744 3073 985 3133 differentiae.
1019 3073 1105 3133 Qui
1128 3073 1168 3133 in
1185 3072 1282 3132 mari

257 3128 445 3188 nascitur,
456 3128 490 3188 &
502 3127 542 3187 in
559 3127 730 3187 scopulis
747 3127 948 3187 reperitur,
959 3125 993 3185 ex
1016 3125 1148 3185 spuma
1170 3125 1284 3185 maris

264 3179 478 3239 conflatus,
493 3179 631 3239 spuma
652 3179 735 3239 salis
756 3178 991 3238 appellatur.
1005 3178 1081 3238 Qui
1095 3178 1129 3238 in
1151 3179 1289 3239 Judaeę

267 3232 353 3292 lacu
370 3232 560 3292 gignitur,
571 3232 606 3292 in
624 3232 704 3292 quo
727 3232 768 3292 &
779 3232 946 3292 asphalts
963 3230 1148 3290 nascitur,
1159 3229 1291 3289 Sodo¬

272 3286 386 3346 meus
406 3286 586 3346 vocatur,
593 3286 633 3346 ab
653 3287 848 3347 Arabibus
868 3287 914 3347 sal
934 3287 1162 3347 naphticus,
1175 3286 1289 3346 ama¬

1309 104 1364 164 rus
1389 104 1451 164 est.
1470 104 1563 164 Hoc
1581 104 1773 164 caremus,
1786 104 2096 164 quemadmodum
2108 104 2145 164 &
2158 106 2319 166 reliquis

1307 155 1453 215 nativis
1470 155 1505 215 in
1523 155 1692 215 lacubus
1709 157 1773 217 aut
1791 157 2024 217 fluminibus
2042 158 2223 218 repertis.
2252 157 2323 217 Fa¬

1306 208 1510 268 ctitiorum
1527 208 1629 268 varia
1646 208 1725 268 sunt
1743 209 1901 269 genera,
1912 209 2082 269 secundum
2099 211 2314 271 materiam,

1309 260 1345 320 ex
1369 260 1441 320 qua
1458 259 1572 319 fiunt,
1584 259 1817 319 differentia.
1847 260 1955 320 Nam
1973 262 2038 322 alia
2062 262 2098 322 ex
2122 262 2230 322 aquis
2254 262 2320 322 sal¬

1307 311 1352 371 sis
1369 313 1631 373 generantur,
1649 313 1768 373 veluti
1785 313 1979 373 marinus:
2002 313 2042 373 &
2059 313 2122 373 qui
2144 313 2179 373 ex
2201 313 2322 373 fonti¬

1304 364 1379 424 bus
1397 364 1520 424 fiunt,
1531 364 1572 424 ut
1590 364 1636 424 sal
1653 365 1899 425 communis:
1910 365 1975 425 alii
1992 365 2027 425 ex
2044 365 2237 425 cineribus
2260 365 2324 425 (de

1314 416 1460 476 quibus
1477 416 1541 476 suo
1559 416 1675 476 loco)
1687 416 1809 476 aliáve
1827 416 2002 476 materia,
2013 416 2322 476 quemadmodum

1314 466 1363 526 sal
1382 467 1531 527 Alkali,
1543 467 1574 527 quae
1587 467 1630 527 fit
1648 467 1686 527 ex
1699 467 1817 527 herba
1835 469 1928 529 kali,
1940 469 1972 529 &
1990 469 2157 529 vulgaris
2182 469 2319 529 Arme¬

1314 517 1468 577 niacus,
1480 520 1542 580 qui
1559 520 1593 580 in
1611 521 1845 581 Alexandria
1862 521 1903 581 fit
1920 521 1954 581 in
1971 520 2142 580 balneis.
2165 521 2325 581 Caeterum

1317 571 1438 631 hodiè
1462 572 1536 632 pro
1554 572 1822 632 efficacissimo
1840 572 1877 632 in
1895 572 2090 632 medicina
2114 572 2181 632 sale
2199 573 2327 633 gemmae

1307 623 1458 683 utimur
1482 625 1545 685 qui
1564 625 1697 685 fossilis
1727 625 1785 685 est,
1796 624 1837 684 ut
1861 623 2041 683 diximus,
2053 623 2088 683 &
2100 624 2134 684 in
2158 625 2322 685 Germa¬

1317 677 1394 737 nia,
1406 676 1537 736 aliisque
1548 676 1649 736 locis
1673 676 1827 736 eruitur.
1839 676 2035 736 Praefertur
2058 676 2189 736 deinde
2206 676 2325 736 mari¬

1307 727 1406 787 nus,
1417 728 1557 788 omnium
1574 728 1854 788 infirmissimus
1878 727 1918 787 est
1935 727 2104 787 vulgaris
2133 728 2331 788 Saccharum

1319 781 1432 841 candi
1449 781 1597 841 tametsi
1621 781 1814 841 Avicenna
1837 779 1996 839 interdum
2007 779 2121 839 salem
2138 779 2247 839 Indum
2258 779 2326 839 ap¬

1310 832 1453 892 pellet,
1465 833 1562 893 inter
1579 833 1671 893 sales
1689 833 1820 893 tamen
1843 832 2067 892 referendus
2090 832 2142 892 non
2159 832 2331 892 videtur.

1315 883 1355 943 Is
1372 884 1543 944 pręterea
1566 884 1685 944 quem
1702 884 1953 944 Dioscorides
1970 884 2056 944 salis
2073 883 2186 943 florem,
2198 883 2255 943 aut
2272 884 2324 944 re¬

1319 935 1418 995 ctiùs
1435 937 1552 997 maris
1569 937 1668 997 florem
1680 937 1884 997 nominat,
1901 937 1966 997 sali
1989 937 2122 997 multum
2140 934 2326 994 dissimilis

1317 988 1383 1048 est:
1395 989 1491 1049 nihil
1515 989 1611 1049 enim
1629 989 1737 1049 aliud
1761 989 1803 1049 est
1821 989 1941 1049 quàm
1959 989 2169 1049 pinguedo
2193 988 2337 1048 quaedam

1322 1040 1450 1100 crocei
1473 1042 1619 1102 coloris
1642 1042 1741 1102 mari,
1758 1042 1863 1102 Nilo,
1880 1040 1921 1100 &
1933 1040 2014 1100 aliis
2032 1039 2194 1099 latubus
2217 1040 2329 1100 inna¬

1320 1091 1399 1151 tans:
1418 1093 1460 1153 eò
1478 1093 1588 1153 tamem
1601 1093 1724 1153 hodiè
1742 1094 1815 1154 etiam
1828 1094 2023 1154 caremus.
2036 1093 2108 1153 Qui
2133 1093 2244 1153 propriè
2262 1093 2335 1153 flos

1323 1145 1407 1205 salis
1431 1145 1581 1205 dicitur,
1599 1145 1628 1205 in
1646 1145 1730 1205 salis
1754 1145 1904 1205 fodinis
1922 1145 2132 1205 reperitur,
2150 1144 2179 1204 &
2191 1144 2227 1204 in
2246 1144 2335 1204 ipsis

1327 1198 1406 1258 etiam
1418 1198 1594 1258 salignis,
1607 1198 1710 1258 velut
1734 1198 1869 1258 pollen
1887 1196 2009 1256 quidam
2021 1196 2210 1256 crassiorem
2216 1196 2332 1256 salem

1321 1250 1488 1310 ambiens:
1499 1250 1688 1310 tenuiorum
1700 1250 1828 1310 multò
1850 1250 1895 1310 est
1912 1250 2040 1310 partium
2051 1249 2174 1309 quàm
2190 1249 2252 1309 sal,
2263 1249 2335 1309 co¬

1322 1301 1409 1361 lore
1428 1303 1727 1363 candidissimo,
1739 1301 1902 1361 interdum
1914 1301 2084 1361 cinereo,
2096 1300 2161 1360 qui
2178 1300 2342 1360 inferior

1332 1352 1386 1412 est.
1392 1354 1411 1414 *
1429 1354 1550 1414 Porrò
1575 1355 1623 1415 sal
1641 1354 1769 1414 omnis
1794 1354 1946 1414 digerit,
1952 1352 2140 1412 astringit,
2152 1352 2336 1412 calefacit,

1315 1405 1461 1465 siceat,
1467 1406 1661 1466 abstergit,
1674 1406 1850 1466 resolvit,
1862 1406 1899 1466 &
1917 1405 2111 1465 quicquid
2130 1405 2337 1465 humidum

1324 1460 1402 1520 est,
1419 1459 1637 1519 consumit,
1649 1459 1833 1519 dissipat:
1845 1457 2024 1517 miscetur
2041 1456 2343 1516 medicamentis

1328 1510 1589 1570 purgantibus
1613 1510 1647 1570 &
1664 1510 1761 1570 aliis,
1772 1510 1852 1570 quae
1869 1510 2097 1570 intrinsecus
2114 1508 2336 1568 adhibentur:

1323 1561 1396 1621 nec
1418 1561 1474 1621 non
1486 1562 1670 1622 glandib.
1687 1562 1720 1622 &
1731 1562 1983 1622 clysteribus.
1995 1562 2124 1622 Medici
2140 1562 2342 1622 Florentini.

1378 1614 1602 1674 NITRUM,
1614 1615 1742 1675 Germ.
1754 1613 1937 1673 Salpeter.
1949 1612 2052 1672 Gall.
2064 1612 2174 1672 Ntre.
2186 1614 2265 1674 Ital.
2277 1615 2333 1675 Ni¬

1298 1666 1396 1726 tro.
1407 1666 1517 1726 Hisp.
1528 1666 1649 1726 Salitre
1671 1666 1929 1726 nominatur:
1945 1666 2060 1726 hujus
2077 1666 2180 1726 apud
2197 1666 2345 1726 veteres

1332 1717 1465 1777 multae
1481 1718 1588 1778 erant
1609 1717 1855 1777 differentiae:
1871 1717 2079 1777 nativum,
2090 1717 2298 1777 factitium,
2308 1718 2346 1778 &

1336 1769 1626 1829 aphronitrum,
1637 1769 1744 1829 quod
1766 1768 1883 1828 veluti
1894 1768 1984 1828 nitri
2006 1768 2079 1828 flos
2101 1768 2196 1828 erat.
2207 1769 2347 1829 Hodie

1337 1822 1492 1882 unicum
1509 1822 1704 1882 habemus
1720 1821 1810 1881 nitri
1826 1820 1977 1880 genus,
1994 1820 2138 1880 nempe
2155 1820 2339 1880 boracem

1330 1873 1411 1933 non
1433 1874 1663 1934 excoctam;
1684 1873 1771 1933 quae
1793 1871 2039 1931 quibusdam
2055 1871 2197 1931 nitrum
2219 1873 2344 1933 fossile

1341 1925 1409 1985 est:
1421 1925 1552 1985 eoque
1575 1925 1655 1985 niri
1672 1925 1763 1985 loco
1786 1925 1837 1985 uti
1854 1924 2083 1984 possumus.
2094 1924 2156 1984 Sal
2174 1924 2276 1984 nitri,
2288 1925 2344 1985 ta¬

1336 1978 1444 2038 metsi
1466 1979 1640 2039 proximè
1661 1979 1704 2039 ad
1721 1978 1808 2038 nitri
1824 1978 2003 2038 naturam
2020 1976 2193 2036 accedat,
2209 1976 2340 2036 nullus

1332 2030 1470 2090 tamen
1487 2029 1570 2089 ejus
1592 2029 1631 2089 in
1648 2030 1848 2090 medicina
1875 2030 1964 2090 usus
1992 2030 2065 2090 esse
2081 2030 2231 2090 potest,
2253 2029 2347 2089 prae¬

1334 2083 1462 2143 sertim
1479 2083 1515 2143 in
1532 2083 1608 2143 his,
1625 2083 1712 2143 quae
1725 2083 1829 2143 intrò
1847 2083 2109 2143 assumuntur.
2138 2083 2273 2143 Medici
2296 2083 2349 2143 co¬

1339 2132 1532 2192 lonienses.

1306 2188 1645 2248 SULPHUR,
1663 2188 1794 2248 Germ.
1806 2188 1996 2248 Schwebet.
2008 2188 2103 2248 Gall.
2115 2186 2258 2246 Soulfre.
2264 2185 2347 2245 Ital.

1342 2237 1450 2297 Solso.
1461 2237 1569 2297 Hisp.
1581 2239 1700 2299 Piedre
1718 2240 1803 2300 cufre
1820 2240 2008 2300 vocatur:
2025 2240 2139 2300 hujus
2162 2238 2242 2298 duo
2265 2236 2344 2296 sunt

1340 2290 1510 2350 genera:
1521 2291 1685 2351 vivum,
1702 2293 1813 2353 quod
1836 2293 1971 2353 spontè
1988 2292 2023 2352 &
2040 2291 2105 2351 per
2116 2291 2152 2351 se
2169 2290 2357 2350 nascitur:

1348 2339 1381 2399 &
1393 2341 1527 2401 ignem
1549 2344 1763 2404 expertum,
1779 2345 1885 2405 quod
1908 2345 1980 2405 arte
1997 2345 2037 2405 in
2053 2344 2283 2404 fornacibus
2300 2344 2362 2404 fit.

1349 2395 1557 2455 Optimum
1578 2395 1818 2455 existimatur
1834 2396 1978 2456 vivum,
1994 2396 2100 2456 quod
2122 2396 2271 2456 apyron
2287 2395 2357 2455 vo¬

1343 2447 1449 2507 cant,
1460 2447 1651 2507 nitedulae
1668 2449 1791 2509 modo
1813 2449 2037 2509 splendidum,
2054 2447 2278 2507 perlucens,
2290 2446 2363 2506 mi¬

1347 2500 1455 2560 nimè
1472 2500 1717 2560 lapidosum.
1739 2501 1933 2561 Probatur
1956 2501 1990 2561 in
2007 2500 2144 2560 genere
2161 2499 2354 2559 sulphuris

1346 2552 1485 2612 ignem
1508 2552 1677 2612 experti,
1695 2552 1805 2612 quod
1828 2554 1951 2614 viret,
1963 2554 2003 2614 ac
2032 2552 2260 2612 praepingue
2277 2550 2352 2610 spe¬

1349 2605 1492 2665 ctatur.
1516 2605 1736 2665 Plurimum
1760 2605 1796 2665 in
1813 2603 1932 2663 Medo
1957 2603 1992 2663 &
2010 2603 2147 2663 Lipara
2171 2603 2362 2663 gignitur.

1356 2656 1467 2716 Supra
1484 2656 1624 2716 dictum
1648 2656 1799 2716 sulphur
1828 2657 2015 2717 calefacit,
2033 2656 2202 2716 discutit,
2213 2656 2249 2716 &
2266 2654 2366 2714 cele¬

1350 2710 1439 2770 riter
1457 2708 1696 2768 concoquit.
1714 2708 1744 2768 *
1761 2707 1922 2767 Prodest
1935 2707 2120 2767 tussibus,
2132 2708 2364 2768 suspiriosis,

1364 2762 1567 2822 purulenta
1589 2761 1721 2821 extussi
1731 2761 1907 2821 entibus,
1918 2761 1957 2821 in
1973 2761 2050 2821 ovo
2072 2759 2286 2819 sumptum,
2302 2758 2368 2818 aut

1357 2812 1552 2872 suffitum:
1569 2813 1752 2873 praetereà
1774 2813 1914 2873 partus
1937 2813 2009 2873 usti
2031 2812 2170 2872 nidore
2193 2811 2365 2871 extrahit.

1354 2866 1529 2926 Lepras,
1541 2866 1745 2926 lichenas,
1757 2866 1932 2926 scabros,
1944 2864 2119 2924 ungues,
2137 2864 2224 2924 cum
2242 2863 2364 2923 resina

1357 2918 1622 2978 terebinthina
1648 2917 1819 2977 mistum,
1829 2917 1975 2977 auseat:
2001 2917 2089 2977 cum
2105 2915 2214 2975 aceto
2240 2914 2365 2974 autem

1360 2971 1530 3031 illitum,
1548 2969 1590 3029 ad
1615 2968 1743 3028 lepras
1767 2968 1907 3028 efficax
1931 2969 1999 3029 est:
2023 2968 2230 3028 vitiligines
2254 2967 2370 3027 tollit.

1365 3022 1600 3082 Scorpionis
1623 3022 1762 3082 ictibus
1779 3022 1908 3082 addita
1931 3022 2065 3082 resina,
2077 3021 2272 3081 medetur:
2284 3019 2373 3079 cum

1362 3075 1478 3135 aceto
1501 3073 1623 3133 verò,
1635 3073 1821 3133 draconis
1839 3074 1990 3134 marini,
2008 3074 2276 3134 scorpionisque
2287 3070 2368 3130 pla¬

1356 3131 1428 3191 gas
1445 3127 1568 3187 sanat.
1597 3124 1775 3184 Pruritus
1798 3124 1887 3184 toto
1910 3125 2084 3185 corpore
2100 3124 2370 3184 erumpentes.

1366 3178 1456 3238 cum
1478 3178 1584 3238 nitro
1611 3178 1802 3238 detersum
1818 3178 1940 3238 sedat:
1956 3176 2110 3236 regium
2126 3174 2317 3234 morbum
2333 3172 2365 3232 e.

1371 3232 1555 3292 mendat,
1566 3230 1784 3290 inspersum
1801 3229 1924 3289 fronti
1946 3227 2159 3287 cochlearis
2181 3225 2376 3285 mensura,

1371 3286 1438 3346 aut
1456 3287 1492 3347 in
1511 3287 1645 3347 sorbili
1663 3287 1737 3347 ovo
1755 3286 1931 3346 sumptum.
1944 3284 2042 3344 Facit
2066 3283 2109 3343 ad
2127 3280 2377 3340 gravedinem
