2479 3508
212 25 285 85 41

747 13 1168 73 AnLUGOLITIL
1183 14 1487 74 IDECIAIIS
1549 16 1713 76 LID.
1728 16 1790 76 I.

2288 10 2424 70 48

193 87 237 147 &
256 84 553 144 destillationes,
566 83 730 143 sudores
749 83 882 143 quoque
895 83 1147 143 conspersum
1167 82 1223 142 in¬

197 140 334 200 hibet:
346 137 578 197 podagricis
596 136 686 196 cum
704 136 805 196 aqua
829 136 865 196 &
876 136 978 196 nitro
1001 136 1115 196 illitum,
1127 136 1216 196 con¬

191 191 323 251 datit:
341 190 574 250 gravitatem
592 188 765 248 auditus,
777 187 896 247 suffiti
914 187 1058 247 nidore
1075 188 1213 248 raptim

192 245 260 305 per
279 243 448 303 fistulam
467 242 635 302 hausto,
647 242 779 302 sanat.
803 242 1072 302 Lethargicos
1090 241 1222 301 suffitu

194 296 351 356 excitat:
368 295 645 355 erumpentem
661 295 904 355 undecunque
920 293 1158 353 sanguinem
1175 293 1219 353 si¬

184 349 277 409 stit.
312 349 511 409 Contusis
528 347 721 407 auribus,
732 347 821 407 cum
844 347 937 407 vino
960 346 996 406 &
1013 346 1129 406 melle
1141 344 1224 404 illi¬

188 401 299 461 tum,
316 400 517 460 medetur.
551 398 897 458 Chymicioleum
919 397 975 457 scu
992 397 1215 457 balsamum

197 455 241 515 ex
264 454 308 514 eo
330 454 430 514 adeò
453 452 587 512 efficax
609 451 849 511 conficiunt,
865 451 905 511 ut
927 451 1055 511 neque
1083 451 1216 511 vivum

199 508 376 568 corpus,
391 505 483 565 neque
498 503 701 563 mortuum
726 503 772 563 ad
792 503 1041 563 putredincin
1056 503 1214 563 transire

191 558 313 618 sinat:
325 557 391 617 sed
408 556 502 616 adeò
524 556 686 616 integrum
703 554 736 614 tu
753 554 869 614 eatur,
881 554 914 614 ut
930 556 1025 616 neque
1042 556 1114 616 ulla
1136 556 1215 616 coe¬

198 610 303 670 lestis
320 608 542 668 impressio,
553 608 611 668 vel
629 608 675 668 ab
693 608 868 668 elementis
891 608 1060 668 profecta
1084 607 1217 667 corru¬

201 662 304 722 ptio,
322 662 376 722 vel
394 662 437 722 ab
455 662 534 722 ipso
558 662 631 722 iam
655 662 740 722 ortu
752 661 915 721 inducta
934 661 1067 721 obesse
1086 661 1116 721 ei
1128 660 1225 720 pos¬

200 716 260 776 sit.
270 715 314 775 de
336 715 412 775 quo
428 714 515 774 vide
531 713 597 773 suo
613 713 727 773 loco.
744 712 967 772 Doscorides,
978 712 1218 772 Anzernacus.

259 767 556 827 CHALCITIS
577 766 773 826 metallica
789 766 848 826 res
874 766 932 826 est,
944 766 981 826 in
996 766 1103 826 venis
1124 766 1214 826 aera¬

198 820 262 880 riis
291 820 408 880 nata,
419 818 564 878 mediae
588 818 687 878 inter
710 817 803 877 Misy
833 817 867 877 &
890 817 984 877 Sory
1001 818 1216 878 facultatis,

185 872 369 932 mediique
381 872 494 932 situs.
512 871 707 931 Praefertur
725 869 855 929 similis
879 869 951 929 aeri,
962 869 1140 929 friabilis,
1152 871 1217 931 nec

197 926 409 986 lapidosa,
425 925 492 985 nec
515 925 749 985 invererata,
766 923 1123 983 intercursantibus
1145 922 1190 982 ob

199 976 333 1036 longis
357 977 455 1037 venis
480 977 890 1037 splendentibusque,
902 976 1135 1036 cujusmodi
1159 977 1220 1037 est,

198 1030 293 1090 quae
305 1030 341 1090 in
359 1029 490 1089 Tuscia
507 1028 633 1088 Italiae
651 1030 752 1090 parte
769 1030 978 1090 invenitut.
990 1028 1031 1088 In
1050 1027 1217 1087 Germa¬

192 1082 265 1142 nia
289 1082 405 1142 etiam
429 1082 661 1142 Chalcitidis
685 1082 807 1142 genus
831 1082 1038 1142 reperitur,
1056 1081 1216 1141 lapido¬

188 1135 300 1195 sum,
312 1136 623 1196 ponderosum,
634 1135 758 1195 rubrum
776 1135 858 1195 cum
875 1134 1052 1194 scintillis
1069 1133 1216 1193 aureis.

198 1187 400 1247 Praefertur
418 1187 561 1247 Italica,
573 1187 817 1247 potissimùm
841 1187 883 1247 ad
907 1186 1085 1246 Theriacę
1109 1186 1216 1246 com¬

196 1240 468 1300 positionem:
490 1239 538 1299 ad
566 1238 816 1298 reliquorum
832 1240 925 1300 verò
947 1238 1213 1298 medicamen¬

195 1292 330 1352 torum
352 1292 656 1352 compositionem
667 1292 900 1352 Germanica
922 1292 971 1352 uti
987 1292 1216 1352 possumus.

191 1339 220 1399 *
238 1343 436 1403 Caeterùm
459 1345 670 1405 Chalcitidi
693 1343 921 1403 abstersoria
944 1342 1002 1402 vis
1020 1342 1055 1402 in
1072 1342 1142 1402 est,
1154 1344 1213 1404 ex¬

188 1397 444 1457 calefaciens,
455 1397 491 1457 &
503 1397 648 1457 crustas
660 1396 852 1456 ulceribus
875 1396 1109 1456 obducens:
1126 1396 1213 1456 pur¬

190 1450 281 1510 gat,
293 1450 378 1510 quae
389 1450 520 1510 oculis
543 1450 577 1510 &
594 1450 816 1510 eorundem
833 1448 986 1508 angulis
1010 1448 1169 1508 haerent.
1174 1448 1214 1508 In

189 1502 335 1562 genere
357 1502 502 1562 leviter
524 1502 782 1562 erodentium
804 1502 866 1562 est,
882 1502 955 1562 &c.
983 1504 1218 1564 Dioscorides,

191 1553 324 1613 Medici
346 1553 546 1613 Florentini.

253 1606 415 1666 Chalcits
438 1606 526 1666 rarò
549 1606 723 1666 Neapoli
746 1607 967 1667 reperitur,
984 1606 1222 1666 quanquam

195 1657 368 1717 Puteolis
390 1658 558 1718 quoque
574 1660 798 1720 reperiatur,
809 1660 869 1720 sed
887 1660 920 1720 in
942 1660 1065 1720 pauca
1087 1658 1215 1718 quan¬

192 1710 323 1770 titate.
340 1711 465 1771 Quod
488 1712 510 1772 si
528 1712 613 1772 quis
636 1712 932 1772 Chalcanthum
949 1711 1137 1771 admodum
1148 1711 1210 1771 ve¬

193 1763 344 1823 tustum
360 1765 500 1825 nactus
516 1765 656 1825 fuerit,
673 1765 706 1825 Is
728 1763 767 1823 in
789 1763 840 1823 eo
867 1763 1040 1823 inveniet
1063 1762 1214 1822 efflore¬

186 1817 304 1877 scens
322 1817 440 1877 Misy,
453 1816 496 1876 &
521 1816 813 1876 Chalcitidem,
832 1816 925 1876 quae
944 1816 1130 1876 Chalcitis
1149 1816 1218 1876 co¬

198 1868 428 1928 gnoscitur,
447 1868 556 1928 quòd
574 1868 715 1928 colorem
727 1868 866 1928 habeat
885 1868 982 1928 aris,
1000 1868 1140 1928 eumque
1152 1869 1214 1929 lu¬

189 1919 346 1979 cidum.
363 1921 508 1981 Suntque
520 1921 636 1981 penes
660 1919 718 1979 me
741 1919 857 1979 multa
881 1919 991 1979 frusta
1015 1921 1213 1981 Chalcan¬

191 1972 259 2032 thi,
276 1972 356 2032 quae
373 1972 452 2032 jam
476 1972 577 2032 quasi
594 1972 765 2032 universa
788 1972 936 2032 mutata
953 1972 1032 2032 sunt
1055 1972 1084 2032 in
1106 1972 1208 2032 chal¬

191 2024 297 2084 citin,
303 2023 442 2083 itemque
459 2023 532 2083 alia
549 2024 588 2084 in
605 2024 717 2084 Misy,
734 2024 778 2084 de
801 2024 868 2084 qua
890 2026 1115 2086 mutatione
1137 2026 1209 2086 Ga¬

185 2076 301 2136 lenus
324 2075 365 2135 in
383 2075 511 2135 multis
534 2076 628 2136 locis
651 2077 808 2137 disserit.
837 2078 930 2138 Haec
954 2078 1135 2138 Chalcitis
1158 2075 1211 2135 ta¬

187 2128 307 2188 metsi
328 2128 366 2188 in
388 2128 426 2188 se
453 2129 661 2189 contineat
688 2129 814 2189 adhuc
835 2131 1026 2191 reliquias
1053 2131 1211 2191 aliquot

190 2181 456 2241 Chalcanthi,
472 2183 663 2243 nondum
679 2183 850 2243 omninò
871 2182 1143 2242 transmutati,
1154 2181 1212 2241 ni¬

182 2234 417 2294 hilominus
435 2234 558 2294 accipi
576 2236 699 2296 potest
723 2236 776 2296 illa
799 2236 882 2296 tota
905 2236 1017 2296 pars,
1034 2236 1117 2296 quae
1134 2236 1210 2296 jam

184 2286 340 2346 mutata
368 2287 434 2347 est,
451 2287 579 2347 relicta
606 2287 640 2347 ea
662 2287 746 2347 quae
768 2288 807 2348 in
824 2288 957 2348 medio
980 2288 1130 2348 integra
1152 2288 1207 2348 re¬

189 2338 341 2398 mansit.
358 2338 538 2398 Praeteream
556 2338 730 2398 Venetiis
753 2338 795 2398 de
818 2339 952 2399 nativa.
964 2342 1202 2402 Chalcitide,

192 2391 229 2451 &
245 2390 325 2450 non
341 2390 607 2450 transmutata
628 2392 761 2452 haberi
777 2393 942 2453 poterit,
958 2393 1000 2453 ab
1021 2393 1064 2453 iis
1085 2393 1149 2453 qui
1170 2393 1202 2453 a¬

189 2443 381 2503 micitiam
402 2444 647 2504 contrahunt
674 2444 759 2504 cum
786 2446 913 2506 peritis
935 2446 1047 2506 hujus
1068 2446 1116 2506 rei
1132 2446 1206 2506 ho¬

182 2495 385 2555 minibus,
409 2495 475 2555 qui
487 2496 594 2556 illam
612 2497 631 2557 à
649 2497 804 2557 diversis
828 2498 924 2558 locis
953 2499 1001 2559 ad
1025 2500 1204 2560 ipsorum

173 2546 281 2606 usum
307 2549 435 2609 solent
453 2548 587 2608 curare
607 2548 753 2608 afferri.

337 2620 401 2680 De
420 2620 594 2680 metallis
612 2621 742 2681 calidis
770 2621 816 2681 &
825 2623 926 2683 siccu
944 2624 990 2684 in

512 2689 642 2749 giadù
682 2695 1003 2755 quarto..
1033 2704 1064 2764 .

234 2747 563 2807 VITRIOLUM:
582 2749 719 2809 Germ.
725 2749 900 2809 Dicttiot.
912 2750 999 2810 Ital.
1011 2751 1055 2811 V.
1061 2752 1199 2812 ctriolo.

187 2798 287 2858 Gall.
300 2800 454 2860 Victriol.
475 2801 582 2861 Hisp.
595 2801 803 2861 Copparosa,
822 2803 963 2863 Graecis
997 2806 1192 2866 Chalcan¬

166 2852 312 2912 thum,
324 2852 477 2912 Latinis
495 2854 776 2914 Atramentum
800 2857 993 2917 sutorium
1017 2860 1187 2920 appella.

172 2904 250 2964 tur,
267 2905 407 2965 duplex
429 2906 491 2966 est:
502 2906 698 2966 factitium
720 2908 754 2968 &
771 2909 966 2969 nativum,
995 2911 1190 2971 Nativum

176 2956 209 3016 in
225 2956 332 3016 terrae
349 2957 455 3017 venis
477 2957 533 3017 aut
555 2959 734 3019 saxorum
751 2962 1013 3022 commissuris
1036 2965 1199 3025 contre¬

179 3007 260 3067 tum
277 3009 487 3069 reperitur:
504 3011 563 3071 aut
586 3011 678 3071 dum
696 3013 731 3073 ex
754 3013 795 3073 iis
813 3014 999 3074 guttatim
1016 3017 1190 3077 distillat,

185 3059 318 3119 partim
343 3060 381 3120 ex
400 3061 445 3121 iis
464 3062 609 3122 stiriarum
622 3064 736 3124 instat
755 3067 976 3127 dependet,
995 3069 1134 3129 partum
1153 3070 1185 3130 in

174 3112 373 3172 canalium
391 3115 560 3175 fundum
578 3116 736 3176 decidit.
748 3118 877 3178 Hodie
901 3119 1006 3179 allud
1018 3121 1112 3181 item
1129 3123 1199 3183 ge¬

159 3165 233 3225 nus
257 3166 291 3226 in
303 3166 413 3226 terrae
430 3169 632 3229 superficie
655 3170 852 3230 concretum
863 3173 1059 3233 reperitur,
1077 3176 1186 3236 quod

180 3215 293 3275 vulgò
317 3221 548 3281 Copparosa
572 3224 750 3284 vocatur.
762 3224 957 3284 Factitium
976 3226 1094 3286 etiam
1112 3227 1183 3287 du¬

175 3270 258 3330 plex
286 3274 342 3334 est.
362 3277 509 3337 Unum,
523 3280 634 3340 quod
648 3281 683 3341 in
704 3283 835 3343 Cypro
856 3283 1100 3343 prculiariter
1114 3283 1191 3343 fie¬

1294 85 1382 145 bat,
1398 83 1438 143 ex
1455 83 1558 143 aqua
1582 82 1758 142 quadam
1774 82 1959 142 manante
1983 82 2022 142 ex
2047 83 2279 143 soryos,
2303 83 2464 143 chal¬

1295 135 1455 195 citidis,
1474 136 1511 196 &
1523 136 1672 196 milyos
1691 137 1870 197 fodinis,
1882 136 1969 196 atque
1975 136 2013 196 in
2037 136 2279 196 piscinas
2310 134 2459 194 qua¬

1295 187 1421 247 dratas
1445 188 1577 248 effusam,
1589 188 1637 248 ibi
1655 188 1793 248 spontè
1817 188 2159 248 concrescebat.
2189 188 2471 248 Alterum

1289 239 1332 299 fit
1357 241 1518 301 decocta
1543 242 1667 302 aqua,
1686 242 1723 302 in
1749 242 1823 302 qua
1841 241 2047 301 maduerit
2072 241 2215 301 terra
2246 241 2370 301 quae
2395 241 2463 301 dam

1299 292 1591 352 atramentosa:
1603 293 1642 353 ut
1655 293 1915 353 hodiemoris
1940 293 1985 353 est
2003 293 2047 353 in
2067 293 2270 353 multis
2289 292 2472 352 locis.

1298 344 1487 404 Nativum
1505 345 1659 405 factiuo
1677 346 1919 406 praestantius
1943 346 2003 406 est:
2009 346 2056 406 id
2073 346 2139 406 co
2163 346 2216 406 in
2239 344 2452 404 eorum

1296 397 1481 457 numerum
1494 397 1730 457 Copparosa
1749 398 1890 458 Cyptia
1909 398 2050 458 referri
2075 398 2311 458 potest,
2337 398 2471 458 cùm

1301 449 1337 509 sit
1355 449 1525 509 aliorum
1549 449 1731 509 penuria.
1749 448 1779 508 E
1809 448 1949 508 factitii
1973 448 2064 508 gen
2076 449 2312 509 cribus,
2342 451 2457 511 Cy¬

1301 502 1426 562 prium
1443 502 1671 562 excellebat:
1687 503 1773 563 cùm
1790 503 1881 563 verò
1904 503 2012 563 desit,
2024 502 2314 562 vitriolum
2337 502 2467 562 RO¬

1292 553 1473 613 manum,
1484 553 1549 613 aut
1566 553 1741 613 Siculum
1759 554 1933 614 usurpari
1950 555 2120 615 potest,
2132 556 2306 616 veluti
2329 556 2447 616 pre¬

1296 607 1574 667 stantissimum
1599 607 1700 667 inter
1725 607 1971 667 factitiorum
1996 607 2223 667 genera.
2236 607 2439 667 *Insi¬

1299 657 1423 717 gniter
1443 659 1646 719 calefaet,
1659 661 1915 721 maximeque
1935 661 2171 721 astringit:
2185 661 2316 721 ideò
2342 661 2420 721 to¬

1296 712 1373 772 tius
1392 712 1515 772 carnis
1535 712 1716 772 naturam
1728 713 1857 773 siccat,
1870 715 1902 775 &
1916 715 1954 775 in
1974 715 2006 775 se
2026 715 2309 775 contrahit.
2322 712 2419 772 Me¬

1298 764 1362 824 dici
1383 763 1595 823 Florentini.

1342 818 1832 878 AURIPIGHENTUM.
1847 818 1928 878 Ger.
1943 818 2150 878 Opermeni
2166 818 2173 878 /
2188 818 2402 878 Arsenick.

1295 868 1408 928 Gall.
1419 868 1555 928 Orpin;
1567 868 1733 928 Arsenic.
1745 870 1827 930 Ital.
1840 872 2058 932 Oprimento.
2076 872 2218 932 Hisp.
2230 870 2383 930 Oropi¬

1290 920 1408 980 mente
1429 922 1579 982 dicitur,
1589 923 1729 983 aurum
1745 923 1884 983 colore
1905 923 2109 983 imitatur.
2125 925 2226 985 Eius
2253 925 2387 985 apud

1301 974 1580 1034 Dioscoridem
1598 973 1674 1033 duo
1699 974 1853 1034 geneia.
1864 976 1989 1036 Unum
2013 976 2030 1036 è
2048 977 2208 1037 multis
2232 976 2368 1036 squa¬

1297 1027 1396 1087 mis,
1413 1027 1452 1087 ut
1469 1027 1579 1087 altera
1602 1027 1707 1087 alteri
1724 1028 1908 1088 imposita
1924 1030 2141 1090 videatur,
2163 1030 2363 1090 constat:

1298 1079 1337 1139 id
1354 1079 1371 1139 si
1394 1080 1530 1140 putum
1547 1081 1684 1141 fuerit,
1695 1081 1769 1141 nec
1786 1082 1854 1142 ulli
1871 1082 2047 1142 materiae
2065 1084 2354 1144 permixtum,

1297 1132 1496 1192 optimum
1518 1132 1768 1192 existimatur.
1801 1134 1984 1194 Alterum
2006 1135 2162 1195 colore
2184 1136 2350 1196 sanda¬

1298 1184 1434 1244 rachae,
1446 1184 1521 1244 hoc
1539 1186 1601 1246 est,
1613 1186 1781 1246 rubrum,
1793 1186 1948 1246 glandis
1966 1187 2121 1247 effigic.
2134 1187 2338 1247 Deligen¬

1295 1237 1393 1297 dum
1420 1237 1518 1297 ergo
1544 1238 1669 1298 aureo
1700 1238 1841 1298 colore
1867 1240 2060 1300 micans,
2075 1241 2096 1301 è
2128 1241 2335 1301 tenuibus

1302 1288 1472 1348 squamis
1501 1290 1787 1350 compactum,
1805 1291 1921 1351 quod
1945 1292 2056 1352 facilè
2073 1293 2278 1353 finditur,
2296 1294 2342 1354 &

1298 1342 1442 1402 lapillis
1464 1342 1526 1402 aut
1542 1342 1648 1402 terrae
1665 1343 1887 1403 permistum
1909 1343 1987 1403 non
2009 1343 2077 1403 est.
2099 1343 2149 1403 Ex
2171 1343 2327 1403 auripi¬

1289 1393 1456 1453 gmento
1478 1393 1611 1453 nativo
1634 1394 1674 1454 fit
1685 1396 1916 1456 artificiale,
1933 1397 2163 1457 Arsenicum
2180 1394 2329 1454 videli¬

1293 1447 1353 1507 cet
1371 1447 1401 1507 &
1420 1448 1566 1508 Reagal
1584 1447 1706 1507 vulgò
1724 1447 1930 1507 vocatum.
1949 1447 1980 1507 *
1998 1447 2089 1507 Vim
2107 1448 2229 1508 habet
2247 1450 2314 1510 ad¬

1292 1498 1524 1558 strictoriam
1553 1499 1586 1559 &
1608 1499 1864 1559 erodentem.
1902 1501 2064 1561 Crustas
2086 1501 2169 1561 cum
2192 1501 2308 1561 vehe¬

1295 1552 1417 1612 menti
1434 1552 1606 1612 uredine,
1617 1552 1651 1612 &
1662 1552 1846 1612 violento
1863 1553 1991 1613 morsu
2013 1553 2169 1613 excitat:
2186 1555 2303 1615 repri¬

1292 1603 1356 1663 mit
1380 1604 1462 1664 quae
1479 1606 1719 1666 excrescunt,
1730 1606 1765 1666 &
1783 1606 1947 1666 capillos
1970 1606 2110 1666 evellit.
2122 1607 2174 1667 De
2193 1609 2297 1669 oleo,

1291 1657 1411 1717 quod
1430 1658 1468 1718 ex
1487 1658 1532 1718 eo
1557 1659 1779 1719 conficitur,
1792 1660 1874 1720 vide
1893 1660 1981 1720 infrà
2007 1660 2064 1720 suo
2083 1660 2197 1720 lonco.
2210 1661 2292 1721 Me¬

1288 1708 1355 1768 dici
1377 1708 1583 1768 Florentini.

1347 1762 1699 1822 SANDARACHA,
1713 1763 1846 1823 Germ.
1860 1763 2007 1823 Bergrot
2029 1765 2176 1825 dicitur,
2190 1766 2285 1826 lapis

1295 1811 1345 1871 est
1364 1811 1402 1871 in
1421 1813 1630 1873 metallicis
1649 1815 1781 1875 venis;
1801 1817 2021 1877 plerunque
2047 1819 2129 1879 cum
2148 1819 2280 1879 auupi¬

1289 1865 1460 1925 gmento
1477 1865 1626 1925 nascens,
1637 1867 1712 1927 rufa
1740 1867 1797 1927 est,
1808 1869 2026 1929 cinnabaris
2048 1870 2180 1930 colore,
2191 1870 2282 1930 non¬

1290 1915 1384 1975 nihil
1409 1917 1450 1977 ad
1467 1918 1580 1978 luteum
1592 1920 1787 1980 vergens,
1805 1921 1894 1981 quae
1905 1922 1994 1982 tùm
2012 1922 2136 1982 uitur,
2142 1924 2284 1984 fumum

1292 1969 1447 2029 exhalat
1471 1971 1679 2031 pallidum,
1691 1973 1941 2033 sulphurisque
1953 1975 2048 2035 vitus
2066 1976 2209 2036 redolet,
2221 1977 2268 2037 ta¬

1286 2021 1396 2081 metsi
1413 2023 1500 2083 non
1530 2024 1814 2084 consumatur.
1837 2026 1965 2086 Facilè
1994 2029 2272 2089 hodielegitima

1290 2073 1430 2133 haberi
1448 2076 1600 2136 potest:
1612 2078 1758 2138 factitia
1777 2078 1910 2138 tamen
1929 2079 2044 2139 etiam
2057 2080 2130 2140 fieri
2142 2083 2263 2143 potest,

1290 2125 1314 2185 si
1332 2128 1666 2188 auripigmentum
1697 2131 1916 2191 coquatur,
1934 2132 2056 2192 donec
2074 2134 2257 2194 cinnabaris

1289 2179 1463 2239 colorem
1486 2181 1690 2241 contraha:
1713 2183 1928 2243 potessque
1947 2185 2042 2245 verae
2054 2188 2251 2248 sandarachę

1288 2230 1378 2290 loco
1402 2233 1591 2293 substitui.
1609 2234 1688 2294 Sed
1713 2236 1895 2296 animady
1907 2237 2095 2297 ertendum
2114 2239 2162 2299 est,
2174 2239 2247 2299 San¬

1284 2284 1473 2344 darachae
1493 2288 1696 2348 vocabulo
1723 2288 1831 2348 apud
1858 2290 2007 2350 Arabes
2027 2291 2156 2351 vernicem
2162 2293 2258 2353 intel¬

1278 2336 1373 2396 ligi,
1386 2338 1474 2398 quae
1489 2339 1583 2399 nihil
1603 2339 1712 2399 aliud
1732 2341 1800 2401 est,
1814 2341 1936 2401 quàm
1949 2344 2249 2404 gummijumpen.

1284 2388 1367 2448 non
1384 2390 1514 2450 autem
1535 2392 1771 2452 praedictum
1787 2393 1981 2453 lapidem.
2002 2395 2117 2455 Itaque
2133 2395 2237 2455 curam

1278 2443 1503 2503 adhibeant
1521 2444 1683 2504 Medici,
1689 2445 1740 2505 ne
1765 2446 1877 2506 altera
1895 2446 2040 2506 alterius
2058 2447 2120 2507 loco
2140 2449 2233 2509 indif¬

1280 2494 1449 2554 ferenter
1467 2494 1642 2554 utantur.
1654 2495 1678 2555 *
1697 2497 1757 2557 Vis
1781 2498 1920 2558 eadem
1937 2500 1974 2560 &
1992 2500 2088 2560 ustio,
2101 2500 2173 2560 quae
2185 2498 2240 2558 au¬

1274 2548 1543 2608 ripigmento.
1555 2549 1693 2609 Explet
1711 2551 1924 2611 alopecias,
1937 2554 2049 2614 resina
2062 2554 2193 2614 excepta,
2206 2554 2231 2614 &

1279 2600 1433 2660 scabros
1456 2600 1605 2660 ungues
1628 2601 1714 2661 eum
1731 2602 1811 2662 picè
1829 2603 1978 2663 eximit.
2000 2606 2115 2666 Conira
2132 2608 2229 2668 phihi¬

1275 2652 1387 2712 riasin
1406 2653 1446 2713 ex
1466 2653 1552 2713 oleo
1578 2654 1710 2714 efficax
1729 2654 1808 2714 est?
1828 2656 2026 2716 tubercula
2052 2660 2118 2720 cum
2138 2663 2224 2723 adipe

1279 2705 1452 2765 discutit.
1465 2705 1625 2765 Prodest
1645 2707 1684 2767 ad
1705 2707 1877 2767 naium,
1891 2710 2017 2770 oritque
2023 2711 2116 2771 ulcera
2143 2713 2170 2773 &
2176 2713 2229 2773 tae¬

1274 2756 1373 2816 teras
1397 2758 1627 2818 papularum
1646 2759 1876 2819 eruptiones
1895 2761 1982 2821 cum
2001 2764 2137 2824 tosaceo:
2150 2767 2218 2827 item

1281 2809 1537 2869 condyloma:
1543 2810 1561 2870 a
1584 2810 1715 2870 Datur
1727 2812 1769 2872 ex
1787 2813 1930 2873 mulso,
1941 2816 2108 2876 putulenta
2126 2818 2222 2878 eius¬

1262 2860 1469 2920 sientibus,
1487 2864 1641 2924 suffitur
1659 2866 1830 2926 quoque
1848 2866 1937 2926 cum
1955 2867 2079 2927 resina,
2085 2870 2215 2930 advcisus

1271 2913 1443 2973 veterem
1460 2915 1615 2975 tussim,
1632 2917 1747 2977 rapto
1765 2918 1828 2978 per
1845 2920 2018 2980 fistulam
2029 2921 2149 2981 nidote:
2161 2923 2218 2983 vo¬

1267 2966 1354 3026 cem
1382 2967 1537 3027 expedit
1571 2968 1665 3028 cum
1692 2969 1820 3029 melle
1848 2972 2037 3032 delincta:
2057 2975 2158 3035 suspiri
2172 2976 2205 3036 sis

1264 3018 1354 3078 cum
1368 3019 1488 3079 iesina
1510 3020 1548 3080 in
1563 3022 1637 3082 cat.
1652 3023 1764 3083 potio
1794 3025 1944 3085 optimè
1966 3026 2078 3086 datur.
2093 3029 2213 3089 Diostori.

1265 3069 1323 3129 des
1340 3073 1387 3133 &
1398 3070 1612 3130 Florentini.

1313 3125 1703 3185 CHRYSOCOLLA
1739 3128 1813 3188 sive
1850 3129 1975 3189 borax
2004 3131 2145 3191 natirum,
2159 3134 2204 3194 ge¬

1262 3175 1340 3235 nus
1364 3176 1449 3236 nirri
1461 3177 1600 3237 fossilis
1624 3178 1679 3238 est,
1691 3179 1734 3239 ab
1758 3181 1958 3241 Armenia,
1970 3183 2006 3243 &
2018 3185 2194 3245 Macedonia,

1258 3227 1298 3287 &
1315 3230 1453 3290 Cypto
1475 3233 1722 3293 ranslatum,
1740 3233 1780 3293 in
1792 3233 1975 3293 aurariis,
1992 3237 2153 3297 argentanis
2170 3241 2193 3301 &

1258 3284 1398 3344 cranis
1419 3286 1573 3346 fodinis
1587 3289 1790 3349 repertum
1811 3290 2098 3350 praestantissimum
2105 3289 2133 3349 est
2147 3289 2189 3349 Ar¬

2041 3346 2193 3406 menium,
