2479 3508
212 76 313 136 49

1042 59 1140 119 De
1177 64 1483 124 Metallis.

2213 83 2296 113 50
203 137 395 197 menium,
404 134 580 194 aerarium
597 131 748 191 prassini
773 130 924 190 coloris:
932 130 1075 190 saporis
1100 131 1193 191 nitro
1234 133 1268 193 A

209 188 233 248 si
251 188 336 248 cum
354 187 498 247 aequali
517 185 806 245 amaritudine,
830 184 866 244 &
884 184 1095 244 substantia
1113 187 1222 247 dura.

210 241 345 301 Iisdem
364 240 403 300 in
416 239 506 299 locis
526 238 725 298 reperitur,
744 236 866 296 arenae
879 236 937 296 per
957 236 988 296 se
1008 236 1137 296 simile,
1156 237 1214 297 aut

205 292 383 352 materiae
402 292 606 352 metallicae
625 290 879 350 permistum,
897 290 955 350 sed
986 290 1095 350 quod
1114 289 1221 349 abra¬

210 344 294 404 sum
307 344 437 404 arenae
450 343 741 403 similitudinem
760 341 871 401 gerit.
884 341 1006 401 Hujus
1026 341 1104 401 usus
1123 341 1169 401 est
1188 341 1220 401 in

211 395 515 455 medicamentis
533 394 570 454 &
582 394 831 454 aurifabrorum
843 394 1004 454 officinis
1029 391 1214 451 quemad¬

205 448 344 508 modum
356 448 464 508 apud
482 448 621 508 veteres
640 446 906 506 Chrysocollae
924 445 1076 505 Factiua
1101 445 1222 505 Chry¬

204 502 362 562 socolla,
374 502 496 562 Germ
514 500 660 560 Burris.
666 500 750 560 Gall
775 498 854 558 Colle
872 497 884 557 à
903 497 952 557 or,
958 497 1110 557 souldure
1134 497 1158 557 d’
1170 497 1213 557 or,

203 553 321 613 borax.
335 554 416 614 Ital.
428 553 560 613 Borras.
572 551 679 611 Hisp.
691 550 810 610 Borrax
829 548 841 608 à
860 548 985 608 atincar
1004 547 1154 607 dicitur,
1173 548 1216 608 ex

209 603 318 663 pueri
337 605 445 665 urina
464 605 503 665 in
522 604 617 664 aereò
636 602 828 662 mortario
853 601 936 661 trita
955 601 1095 661 pistillo
1120 602 1216 662 aereo

185 613 1232 722 fiebat. Haec Medicis in usu fuit. Sunt etiamnum
204 706 295 766 alae
309 709 498 769 factitiae,
519 709 609 769 quae
623 708 840 768 pictoribus
861 706 1015 766 tantùm
1043 706 1225 766 seiviunt.

206 754 227 814 *
241 757 311 817 Vis
332 761 603 821 Chrysocollae
618 761 666 821 ad
687 759 903 819 purgandas
925 757 1126 817 cicatrices:
1148 757 1217 817 ex¬

207 815 439 875 crescentem
465 814 613 874 carnem
633 813 795 873 coercet,
808 812 982 872 astringit,
995 810 1143 870 purgat,
1157 809 1222 869 ex¬

194 868 368 928 callacit,
383 867 416 927 &
429 866 584 926 modicè
612 865 747 925 corpus
773 863 989 923 mordendo
1010 862 1131 922 exest.
1145 862 1213 922 In¬

198 919 256 979 ter
281 919 580 979 medicamenta
599 917 853 977 intelligitur;
867 916 956 976 quae
974 914 1216 974 vomitiones

211 970 428 1030 concitant,
440 971 472 1031 &
490 971 620 1031 necem
639 970 776 1030 inferre
801 968 968 1028 possunt.
987 967 1129 1027 Dioscor.

252 1022 377 1082 MISY
403 1022 685 1082 assumendum
705 1021 868 1081 natione
893 1019 1113 1079 Cyprium,
1125 1018 1213 1078 auri

204 1075 339 1135 simile,
352 1075 519 1135 durum,
539 1075 655 1135 quod
674 1075 822 1135 friando
847 1073 924 1133 auri
938 1071 1111 1131 colorem
1124 1068 1207 1128 imi¬

194 1127 307 1187 tatur,
320 1127 361 1187 &
380 1127 500 1187 stellae
514 1126 641 1186 modo
660 1124 861 1184 splendet.
874 1123 908 1183 *
935 1122 1022 1182 Vim
1041 1121 1155 1181 habet
1175 1122 1215 1182 &

213 1180 1240 1243 ustionem, cum chalcitide eandem, praeterquam
206 1231 311 1291 quòd
331 1232 537 1292 psoricum
555 1231 593 1291 ex
618 1231 662 1291 eo
680 1229 755 1289 non
780 1228 1005 1288 conficitur,
1024 1229 1217 1289 excessus,

209 1285 462 1345 defectusque
494 1283 651 1343 ratione
676 1282 833 1342 tantùm
852 1280 1053 1340 differens.
1085 1279 1189 1339 Aegy

211 1336 325 1396 ptium
349 1336 486 1396 autem
504 1336 641 1396 caeteris
666 1334 839 1394 praestat,
851 1333 988 1393 utpote
1012 1333 1120 1393 quod
1132 1333 1215 1393 effi¬

214 1387 319 1447 cacius
343 1390 566 1450 habeatur,
589 1388 649 1448 sed
672 1387 713 1447 ad
730 1385 900 1445 ocularia
924 1385 1211 1445 medicamenta

216 1439 327 1499 multò
348 1441 460 1501 supra
473 1441 578 1501 dicto
598 1438 770 1498 inferius.
783 1436 895 1496 Quòd
915 1436 941 1496 si
961 1436 1125 1496 deficiat,
1139 1439 1211 1499 ejus

209 1493 280 1553 loco
306 1494 403 1554 sumi
422 1495 569 1555 poterit
596 1493 802 1553 vitriolum
821 1490 1047 1550 vetustum,
1066 1490 1214 1550 ustum.

219 1543 440 1603 Duscxides.

269 1597 362 1657 SOII
389 1598 671 1658 existimarunt
688 1597 816 1657 aliqui
833 1595 1099 1655 melanteriam
1124 1595 1219 1655 esse,

244 1649 452 1709 aberantes:
471 1651 667 1711 siquidem
685 1649 741 1709 sui
753 1648 900 1708 generis
924 1648 968 1708 est
986 1646 1084 1706 sory,
1090 1646 1120 1706 ei
1140 1648 1219 1708 non

238 1657 1229 1752 absimile. Verùm sorei virus inest grave, & nau¬
233 1756 305 1816 kim
323 1756 503 1816 movens.
527 1755 731 1815 Invenitur
749 1754 863 1814 etiam
887 1753 923 1813 in
947 1751 1151 1811 Aegypto,
1169 1751 1211 1811 &

231 1805 282 1865 alis
301 1807 538 1867 quibusdam
557 1808 806 1868 regionibus,
819 1807 857 1867 ut
877 1807 908 1867 in
927 1805 1061 1865 Libya,
1081 1803 1216 1863 Hispa¬

222 1859 284 1919 ria,
296 1861 327 1921 &
346 1862 495 1922 Cypro.
508 1861 719 1921 Praefertur
744 1858 992 1918 AEgyptium,
1011 1856 1203 1916 quodque

224 1911 331 1971 fianti
349 1914 493 1974 nigrius
511 1915 690 1975 apparet,
708 1913 744 1973 in
762 1911 876 1971 multa
899 1909 1085 1969 foramina
1109 1906 1217 1966 dehi¬

210 1964 317 2024 scens,
335 1967 586 2027 suppingue,
599 1966 756 2026 insuper
775 1962 1001 2022 astringens,
1014 1961 1051 2021 &
1063 1961 1214 2021 olfactu

211 2020 542 2080 derorationeque
558 2017 748 2077 magnum
769 2015 863 2075 virus
884 2014 1006 2074 olens,
1016 2012 1063 2072 ita
1084 2012 1116 2072 ut
1137 2012 1210 2072 sto¬

200 2071 353 2131 machus
370 2071 409 2131 in
426 2071 676 2131 vomitiones
699 2068 937 2128 effundatur.
948 2066 1067 2126 Quod
1090 2066 1215 2126 autem

210 2123 357 2183 fratum
382 2122 560 2182 scintillas
586 2120 732 2180 misyos
751 2120 879 2180 modo
910 2119 993 2179 non
1006 2119 1158 2179 emittit,
1177 2119 1215 2179 &

210 2174 350 2234 alterius
368 2176 520 2236 genenis
537 2174 637 2234 esse,
648 2173 690 2233 &
701 2172 929 2232 invalidum,
942 2170 1140 2230 censendum
1158 2170 1217 2230 est.

213 2222 225 2282 *
237 2224 328 2284 Vim
352 2227 394 2287 &
412 2228 618 2288 ustionem
642 2225 872 2285 supradictis
896 2222 1065 2282 similem
1083 2224 1223 2284 habet.

208 2281 343 2341 Dolori
364 2279 541 2339 dentium
563 2278 729 2338 cavernis
745 2276 917 2336 inditum
928 2275 1121 2335 medetur,
1132 2275 1218 2335 eos.

204 2332 269 2392 que
286 2332 462 2392 labantes
479 2330 626 2390 firmat:
644 2328 855 2388 ischiadicis
879 2326 914 2386 ex
932 2326 1020 2386 vino
1037 2326 1207 2386 infusum

205 2384 419 2444 auxiliatur:
436 2383 538 2443 illitum
555 2381 640 2441 cum
657 2380 770 2440 aqua,
781 2378 894 2438 varos
911 2377 1120 2437 extinguit.
1131 2378 1216 2438 Me¬

195 2435 429 2495 dicamentis
447 2435 692 2495 admiscentur,
710 2434 796 2494 quae
807 2431 968 2491 capillos
991 2429 1208 2489 denigrant.

190 2489 289 2549 Haec
312 2489 446 2549 autem
468 2488 547 2548 ferè
569 2487 730 2547 omnia,
753 2486 792 2546 &
803 2485 893 2545 alia,
915 2483 999 2543 quae
1015 2482 1210 2542 ustionem

188 2542 343 2602 experta
366 2542 453 2602 non
470 2542 579 2602 sunt,
596 2539 763 2599 perustis
780 2537 965 2597 validiora
994 2535 1062 2595 esse
1086 2534 1206 2594 existi¬

191 2593 364 2653 mantur:
381 2594 515 2654 praeter
532 2592 666 2652 salem,
677 2591 711 2651 &
722 2590 794 2650 vini
817 2588 962 2648 faecem,
974 2587 1125 2647 nitrum,
1136 2587 1208 2647 cal¬

194 2647 301 2707 tem,
318 2647 357 2707 &
369 2645 607 2705 consimilia,
629 2644 720 2704 quae
737 2643 850 2703 cruda
878 2641 1093 2701 remissiora
1110 2637 1218 2697 sunt:

195 2698 396 2758 tombusta
424 2698 528 2758 enim
551 2698 700 2758 vitibus
723 2695 947 2755 efficaciora
975 2691 1216 2751 redduntur.

197 2747 443 2807 Diescorides.

249 2803 589 2863 MELANTERIA
610 2800 779 2860 geminae
800 2798 843 2858 est
863 2795 1034 2855 originis:
1047 2795 1224 2855 quędam

197 2852 235 2912 in
251 2854 431 2914 faucibus
454 2853 748 2913 cuniculorum,
764 2850 901 2910 quibus
917 2849 961 2909 aes
983 2848 1141 2908 eruitur,
1152 2848 1206 2908 sa¬

190 2903 231 2963 lis
249 2905 384 2965 modo
407 2905 636 2965 concrescit.
672 2904 753 2964 Alia
771 2902 859 2962 verò
888 2902 923 2962 in
948 2900 1094 2960 summa
1112 2899 1205 2959 facie

198 2957 516 3017 supradictorum
538 2957 723 3017 locorum
744 2956 850 3016 coit,
871 2955 957 3015 quae
978 2953 1121 3013 terrena
1142 2951 1205 3011 est.

197 3008 428 3068 Quinetiam
447 3010 636 3070 invenitur
655 3008 691 3068 in
709 3007 868 3067 Cilicia,
886 3005 929 3065 &
948 3004 1020 3064 aliis
1045 3003 1210 3063 quibus¬

185 3059 290 3119 dam
308 3061 554 3121 regionibus,
566 3059 707 3119 fossilis
724 3059 923 3119 quaedam.
952 3058 1122 3118 Praestat.
1134 3056 1216 3116 quae

195 3112 390 3172 sulphuris
408 3112 586 3172 colorem
603 3112 733 3172 trahit,
739 3112 852 3172 laevis,
869 3112 988 3172 pura,
1006 3110 1218 3170 aequabilis,

192 3164 235 3224 &
248 3164 342 3224 quae
360 3164 541 3224 contactu
560 3164 660 3224 aquę
685 3163 879 3223 confestim
903 3161 1079 3221 nigrescit.
1091 3160 1110 3220 *
1128 3159 1215 3219 Vim

193 3215 399 3275 causticam
418 3215 503 3275 eam
521 3215 692 3275 obtinet,
698 3215 814 3275 quam
833 3214 863 3274 &
881 3214 985 3274 misy.
991 3214 1021 3274 Si
1045 3214 1210 3274 deficiat,

187 3268 266 3328 ejus
285 3268 390 3328 loco
408 3268 612 3328 accipiatur
630 3270 833 3330 viniolum,
846 3271 907 3331 aut
926 3270 1136 3330 copparosa
1160 3266 1221 3326 di¬

190 3322 270 3382 cta.
286 3320 519 3380 Dioscoridis.

1468 116 2119 214 De metallis frigidis in primo.
1330 187 2304 271 STIMMI, vel STIBIUM, vulgò ANTIMO¬
1286 246 2303 330 NIUM, German. Spießglaß. Gall. Antimoine. Ital.
1281 309 2315 377 Antimonio. Hisp. El alchol dicitur, optimum, quod
1295 362 2306 423 splendidissimum est, modoque nitedularum emi¬
1285 410 2299 483 cat, confractu crustosum, nihil terrae aut sordidi
1285 465 2307 522 habens, friabile: * Vis ejus astringere, meatus ob¬
1287 512 2306 578 struere, refrigerate, excrescentia in carne cohibe¬
1288 568 2312 630 re, ulcera ad cicatricem perducere, sordes & ul¬
1232 612 2302 697 [B] cera oculorum expurgare: sistit & sanguinem è
1284 687 2298 740 cerebri membrana profluentem, & ut in univer¬
1278 724 2297 784 sum dicatur, vis usto plumbo similis est, &c. Ex
1291 774 2294 834 stibio paratur oleum, & vitrum, medicamentum
1288 825 2234 909 purgatorium, de quibus suo loco Dioscorides.
1445 881 2133 974 De metallis frigidis in secundo.
1333 925 2305 1032 ARGENTI scobs seu ramentum, quod Lima¬
1282 1022 2298 1075 tura vocatur, aut scoria, aut helcysma, aut encau¬
1277 1069 2309 1132 ma, molybdenae vim habet.* Confert humori¬
1283 1116 2304 1191 bus viscosis, scabiei, pruritui, ulceribus, tremori
1240 1174 2292 1241 cordis, & oris foetori. De liquore, qui ex argento
1286 1225 2307 1288 chymicè conficitur, vide infrà suo loco Dioscori¬
1282 1273 1619 1352 des, Andernacus.
1320 1291 2284 1388 SPUMA argenti, vulgò LITHARGYRIUM,
1277 1360 2296 1430 Ger. Giet / Suberschaum dicitur, lapis est è plum¬
1276 1434 2306 1501 bo factus: plumbum enim dum secunda fornace
1277 1496 2301 1552 excoquitur, aut solum aut metallo aliquo per¬
1285 1540 2301 1598 mistum, partim in lithargyron, partim in plum¬
1276 1582 2303 1669 baginem vertitur. Duo sunt ejus genera; unum
1291 1643 2310 1701 colore aureo, alterum argenteo: quo fit, ut illud
1229 1656 2302 1744 lithargyros auri, hoc lithargyros argenti nomi¬
1292 1755 2334 1812 netur. Inde vero haec differentia nata es, quod
1284 1799 1412 1859 alterum
1429 1799 1541 1859 altero
1564 1798 1750 1858 majorem
1768 1797 1844 1857 vim
1861 1796 1955 1856 ignis
1978 1795 2124 1855 passum
2142 1795 2200 1855 sit.
2229 1793 2293 1853 Li¬

1278 1852 1518 1912 thargyrium
1536 1852 1616 1912 auri
1639 1852 1863 1912 praefertur:
1880 1849 2006 1909 hodie
2029 1847 2287 1907 notissimum.

1279 1894 1303 1954 *
1321 1897 1388 1957 Vis
1406 1903 1625 1963 astringere.
1637 1904 1801 1964 mollire,
1813 1903 1893 1963 cava
1917 1901 2081 1961 explere,
2099 1898 2288 1958 excrescen¬

1279 1955 1329 2015 tia
1346 1955 1380 2015 in
1397 1957 1509 2017 carne
1525 1957 1750 2017 reprimere,
1761 1955 1800 2015 ad
1817 1954 2030 2014 cicatricem
2053 1952 2215 2012 ducere,
2226 1953 2288 2013 re¬

1276 2008 1474 2068 frigerare,
1485 2009 1518 2069 &
1535 2009 1761 2069 occludere,
1772 2006 1845 2066 &c.
1857 2005 1975 2065 Medici
1998 2003 2201 2063 Florentini.

1327 2060 1620 2120 ARGENTUM
1647 2059 1799 2119 vivum,
1815 2057 1950 2117 Germ.
1961 2056 2184 2116 Quccksüber.
2195 2057 2292 2117 Gall.

1274 2108 1339 2168 Vif
1356 2110 1493 2170 argent.
1505 2111 1587 2171 Ital.
1599 2111 1747 2171 Argento
1764 2110 1859 2170 vivo.
1871 2108 2036 2168 Hispan.
2048 2108 2214 2168 Azogue,
2226 2107 2296 2167 du¬

1281 2164 1374 2224 plex
1398 2164 1457 2224 est,
1468 2164 1632 2224 nativum
1655 2162 1691 2222 &
1703 2161 1878 2221 factitium.
1907 2161 1960 2221 Fit
1978 2161 2019 2221 ex
2036 2161 2177 2221 minio,
2188 2161 2294 2221 quod

1289 2215 1441 2275 abusivè
1465 2213 1690 2273 Cinnabaris
1709 2213 1861 2273 dicitur,
1873 2213 2007 2273 patinis
2025 2212 2208 2272 fictilibus
2220 2209 2294 2269 im¬

1285 2269 1411 2329 posita
1432 2269 1547 2329 ferrea
1569 2267 1974 2327 conchacinnabarim
1990 2264 2242 2324 continente,
2258 2263 2296 2323 &

1286 2321 1394 2381 calice
1417 2320 1600 2380 cooperta
1623 2320 1743 2380 argilla
1766 2320 1954 2380 superlita,
1966 2318 2194 2378 carbonibus
2211 2314 2291 2374 suc¬

1281 2374 1478 2434 cendunt,
1490 2372 1687 2432 Siquidem
1711 2371 1848 2431 detersa
1872 2371 2010 2431 fuligo,
2028 2369 2099 2429 qua
2123 2369 2225 2429 calici
2243 2368 2296 2428 in¬

1286 2425 1397 2485 sidet,
1409 2423 1620 2483 refrigerata
1643 2423 1673 2483 in
1690 2423 1896 2483 argentum
1913 2422 2037 2482 vivum
2054 2420 2148 2480 coit.
2166 2417 2300 2477 Quin¬

1281 2476 1398 2536 tiiam
1416 2477 1606 2537 invenitur
1622 2476 1656 2536 in
1678 2476 2065 2536 argentifodinarum
2088 2471 2199 2531 tectis
2216 2469 2294 2529 stil¬

1285 2527 1391 2587 latim
1408 2528 1654 2588 concretum.
1676 2527 1749 2587 Alii
1771 2527 1833 2587 per
1850 2526 1877 2586 se
1900 2525 1934 2585 in
1950 2525 2113 2585 metallis
2135 2524 2291 2584 inveniri

1282 2579 1464 2639 tradunt.
1491 2581 1673 2641 Servatur
1695 2579 1726 2639 in
1748 2578 1898 2638 vitreis,
1914 2577 1978 2637 aut
1995 2576 2208 2636 plumbeis,
2230 2576 2294 2636 aut

1285 2633 1469 2693 stanneis,
1480 2632 1538 2692 aut
1556 2632 1746 2692 argenteis
1763 2630 1873 2690 vasis:
1884 2629 2075 2689 siquidem
2098 2627 2207 2687 aliam
2225 2626 2305 2686 ma¬

1283 2684 1417 2744 teriam
1443 2684 1610 2744 omnem
1626 2683 1781 2743 exedit,
1797 2683 1835 2743 &
1857 2681 2023 2741 defluere
2039 2680 2146 2740 facit.
2156 2678 2210 2738 *.
2221 2678 2296 2738 Po¬

1282 2738 1365 2798 tum
1381 2737 1459 2797 vim
1481 2734 1732 2794 pernicialem
1748 2732 1889 2792 habet:
1910 2732 1973 2792 suo
1993 2731 2098 2791 enim
2114 2732 2292 2792 pondere

1289 2790 1433 2850 interna
1454 2788 1571 2848 exest.
1593 2786 1796 2846 Remedio
1811 2785 1859 2845 est
1875 2785 1929 2845 lac
1950 2783 2110 2843 multum
2131 2782 2285 2842 subinde

1289 2841 1429 2901 potum
1458 2839 1494 2899 &
1513 2837 1802 2897 vomitionibus
1827 2837 2051 2897 tejectum,
2071 2836 2141 2896 aut
2161 2834 2295 2894 vinum

1282 2894 1368 2954 cum
1384 2891 1595 2951 absinthio,
1605 2890 1665 2950 aut
1681 2890 1757 2950 apii
1773 2888 1999 2948 decoctum,
2011 2887 2075 2947 aut
2092 2887 2189 2947 semen
2205 2885 2296 2945 hor¬

1280 2945 1399 3005 mini,
1421 2944 1486 3004 aut
1507 2944 1740 3004 origanum,
1756 2942 1821 3002 aut
1843 2940 2059 3000 hyssopum
2081 2939 2167 2999 cum
2189 2939 2302 2999 vino.

1281 2998 1367 3058 Auri
1378 2996 1507 3056 limata
1534 2995 1653 3055 scobs,
1663 2995 1702 3055 id
1723 2995 1788 3055 est,
1799 2993 1998 3053 ramentum
2014 2992 2133 3052 quàm
2149 2990 2295 3050 tenuis¬

1288 3049 1432 3109 simum
1453 3047 1618 3107 epotum
1639 3046 1795 3106 mirabili
1821 3045 1869 3105 est
1890 3044 2056 3104 auxilio.
2082 3044 2290 3104 Caeterùm

1287 3102 1334 3162 ex
1361 3100 1520 3160 argento
1541 3099 1632 3159 vivo
1653 3098 1861 3158 conficitur
1882 3097 2084 3157 Mercurius
2111 3095 2291 3155 sublima¬

1277 3155 1340 3215 tus
1363 3154 1398 3214 &
1415 3152 1696 3212 praecipitatus,
1713 3152 1747 3212 &
1764 3151 1908 3211 oleum,
1920 3151 1960 3211 de
1983 3149 2121 3209 quibus
2143 3147 2207 3207 suo
2230 3145 2293 3205 lo¬

1288 3207 1349 3267 co.
1359 3205 1590 3265 Diuscorides.

1338 3258 1615 3318 PLUMBUM,
1620 3256 1753 3316 Germ.
1764 3253 1863 3313 Bley.
1874 3251 1957 3311 Gal.
1968 3249 2095 3309 Plomb.
2106 3247 2190 3307 Ital.
2201 3248 2311 3308 Piom.

1284 3311 1344 3371 bo.
1355 3313 1465 3373 Hisp.
1471 3312 1613 3372 Plombo
1635 3309 1877 3369 nominatur,
1888 3305 2053 3365 humida
2075 3301 2305 3361 constatna¬
