2479 3508
207 97 1227 172 tura, frigore congelatum: item aërea & terrestri,
208 172 265 232 sed
291 170 401 230 pauca
420 168 464 228 fit
477 167 516 227 ex
535 166 592 226 illo
618 166 714 226 pila,
733 165 797 225 seu
817 164 1066 224 mortarium,
1085 164 1124 224 &
1143 163 1207 223 pi¬

210 221 369 281 stillum,
380 220 426 280 ad
443 220 546 280 usum
563 217 779 277 medicum.
803 215 1001 275 Quicunque
1013 214 1110 274 enim
1133 213 1200 273 hu¬

216 274 301 334 mor
324 272 359 332 in
382 271 427 331 eo
450 269 668 329 aliquandiu
685 269 834 329 residet,
852 268 972 328 multò
995 266 1121 326 evadet
1144 265 1206 325 fri¬

216 323 365 383 gidior,
376 322 490 382 quàm
508 322 609 382 antea
626 320 751 380 fuerit.
781 319 870 379 Ideo
894 317 1019 377 oleum
1043 317 1209 377 ompha¬

217 376 340 436 ceum,
357 374 416 434 aut
434 373 604 433 rosaceum,
615 372 674 432 aut
698 371 892 431 melinum,
903 370 962 430 aut
985 368 1209 428 myrtinum,

216 425 246 485 si
258 425 311 485 illi
329 424 573 484 infundatur,
585 422 799 482 remedium
817 421 1008 481 optimum
1032 419 1204 479 adversus

208 475 567 535 inflammationes,
589 475 627 535 &
639 473 765 533 ulcera
788 472 1053 532 contumacia,
1070 470 1147 530 tum
1169 469 1214 529 a¬

213 527 358 587 liarum
381 526 567 586 partium,
579 525 655 585 tum
672 524 928 584 naturalium,
946 523 1004 583 seu
1022 521 1207 581 testiculo¬

201 580 305 640 rum,
322 577 581 637 cancrosque,
591 575 630 635 &
641 574 888 634 articulorum
905 572 1098 632 fluxiones
1120 571 1207 631 prae¬

208 635 1220 690 paratur. Quòd si refrigerans aliquis succus, ut
211 686 1227 736 sempervivi, cotyledonis, intybi, lactucae, chon¬
217 730 356 790 drillae,
368 730 502 790 psyllii,
514 730 727 790 omphacii,
739 728 958 788 portulacae,
976 726 1158 786 mortario
1176 724 1213 784 e¬

215 780 392 840 jusmodi
410 781 648 841 imponatur,
660 779 893 839 subigaturque
905 778 941 838 in
959 777 1058 837 Sole,
1070 776 1130 836 aut
1149 776 1210 836 aë¬

209 832 275 892 re,
287 832 417 892 aliásve
442 832 650 892 calefacto,
668 829 1014 889 praestantissimum
1043 827 1204 887 efficitur

210 883 525 943 medicamentum
542 881 585 941 ad
601 880 786 940 fervorem
814 880 846 940 &
857 880 993 940 calidas
1015 877 1205 937 fluxiones

223 933 534 993 restinguendas.
553 931 773 991 Quinetiam
791 929 988 989 plumbum
1006 929 1042 989 in
1054 929 1214 989 laminas

223 1037 303 1097 rem
315 1034 582 1094 perinsomnia
607 1031 836 1091 prohibent;
849 1030 1040 1090 insigniter
1059 1030 1213 1090 refrige¬

221 1087 364 1147 rantes.
393 1085 547 1145 Bractea
570 1085 724 1145 quoque
741 1084 861 1144 tenuis
884 1084 924 1144 ex
947 1084 987 1144 eo
1004 1083 1101 1143 facta
1124 1082 1215 1142 gan¬

206 1131 1235 1198 glium dissipat, propiùs ei alligata. Ex eo fit oleum,
224 1187 267 1247 de
289 1189 364 1249 quo
387 1189 446 1249 suo
462 1187 571 1247 loco.
593 1185 837 1245 Andernacus.

261 1238 558 1298 PLUMBAGO,
570 1238 646 1298 quae
663 1238 797 1298 Graecis
814 1235 1076 1295 Molybdaena.
1088 1235 1216 1295 Germ.

224 1289 377 1349 Blevertz
400 1291 576 1351 vocatur,
588 1289 735 1349 optima
752 1288 794 1348 est
817 1287 928 1347 flava,
934 1286 1123 1346 argenteae
1140 1287 1222 1347 spu¬

227 1339 303 1399 mae
325 1342 473 1402 aemula,
484 1342 632 1402 modicè
654 1339 868 1399 splendens:
884 1337 967 1397 cùm
988 1337 1109 1397 teritur
1125 1339 1225 1399 rufa,

226 1393 335 1453 cocta
357 1393 439 1453 cum
461 1391 543 1451 oleo
559 1390 740 1450 jecinoris
761 1388 931 1448 colorem
948 1387 1079 1447 trahit.
1096 1387 1215 1447 Vitio¬

227 1442 260 1502 sa
282 1444 344 1504 est,
355 1444 433 1504 quae
444 1442 584 1502 aërem,
595 1441 657 1501 aut
674 1439 836 1499 colorem
858 1438 1076 1498 plumbeum
1099 1441 1221 1501 refert.

215 1496 1235 1551 Gignitur ex auro & argento. Est enim quaedam
227 1543 376 1603 fossilis,
388 1543 424 1603 ad
448 1543 645 1603 Sebastiam
669 1543 704 1603 &
722 1541 931 1601 Corcyrum
949 1541 1110 1601 inventa.
1128 1541 1211 1601 Quo

229 1594 269 1654 in
287 1595 421 1655 genere
439 1595 637 1655 probatur,
650 1595 726 1655 quae
743 1594 906 1654 lapidosa
930 1594 1006 1654 non
1024 1594 1076 1654 sit,
1094 1592 1152 1652 aut
1170 1592 1223 1652 re¬

220 1646 472 1706 crementosa,
484 1646 541 1706 sed
559 1646 691 1706 nitens,
702 1646 736 1706 &
753 1645 862 1705 flava.
868 1645 885 1705 *
903 1645 989 1705 Vim
1007 1645 1115 1705 habet
1133 1645 1218 1705 spu¬

216 1697 1232 1752 mae argenti, aut recremento plumbi similem. Uri¬
225 1748 302 1808 tur,
313 1748 537 1808 lavaturque
559 1748 702 1808 eodem
712 1747 861 1807 modo.
877 1746 1063 1806 Miscetur
1080 1744 1223 1804 conve¬

212 1799 455 1859 nientissimè
472 1798 798 1858 medicamentis,
809 1798 898 1858 quae
909 1798 1041 1858 liparas
1064 1796 1218 1856 vocant,

225 1852 308 1912 atque
319 1851 534 1911 emplastris
550 1849 705 1909 minimè
722 1847 1014 1907 mordentibus.
1047 1846 1217 1906 Carnem

229 1901 391 1961 recreat,
414 1901 453 1961 &
465 1901 588 1961 uleera
604 1901 650 1961 ad
666 1900 874 1960 cicatricem
897 1900 1094 1960 perducit:
1110 1897 1222 1957 gluti¬

223 1951 406 2011 nantibus
422 1951 550 2011 tamen
572 1951 867 2011 medicamentis
883 1950 942 2010 aut
969 1949 1216 2009 abstergenti¬

218 2005 1230 2053 bus non convenit. Si deficiat, lithargyros ejus lo¬
237 2054 282 2114 co
299 2054 394 2114 sumi
411 2053 546 2113 potest.
563 2051 782 2111 Dioscorides.

288 2104 482 2164 LOTURA
504 2104 648 2164 plumbi
665 2104 711 2164 sic
728 2103 785 2163 fit.
797 2102 831 2162 In
848 2102 1077 2162 mortarium
1094 2101 1219 2161 plum¬

217 2152 1225 2212 beum aquam injiciens, pistillo plumbeo terito,
241 2207 366 2267 donec
389 2206 567 2266 nigrescat
585 2204 704 2264 aqua,
728 2204 763 2264 &
775 2204 852 2264 limi
876 2204 1001 2264 modo
1018 2206 1220 2266 crassescat,

232 2258 293 2318 aut
311 2258 490 2318 lutulenta
507 2257 709 2317 reddatur:
726 2255 844 2315 linteo
867 2255 1001 2315 deinde
1024 2255 1164 2315 colato,
1181 2257 1220 2317 a¬

232 2315 1233 2372 quam superinfundens, quò faciliùs quicquid est
230 2360 462 2420 resolutum;
474 2360 617 2420 incerni
634 2359 759 2419 possit.
777 2359 848 2419 hoc
861 2359 997 2419 iterum
1009 2357 1122 2417 facito
1140 2359 1224 2419 usque

233 2411 1240 2474 dum satis tibi habuisse videatur. Ubi consederit
242 2464 361 2524 priore
385 2462 476 2522 aqua
493 2462 624 2522 effusa,
636 2461 778 2521 novam
790 2461 968 2521 adjiciens
985 2461 1019 2521 ut
1036 2461 1224 2521 cadmiam

236 2513 393 2573 lavato,
405 2513 531 2573 donec
555 2513 651 2573 nulla
670 2512 766 2572 extet
784 2512 953 2572 nigritia:
970 2512 1103 2572 postea
1121 2512 1151 2572 in
1169 2512 1236 2572 pa¬

237 2564 359 2624 stillos
377 2564 517 2624 cogens
534 2563 733 2623 reponito.
745 2563 908 2623 Quidam
926 2563 1077 2623 scobem
1089 2563 1229 2623 mundi

229 2618 1254 2682 plumbi lima quaesitam, mortario pistilloque la¬
226 2670 1242 2732 pideis terunt, aut manibus cum aqua paulatim
219 2724 1248 2777 adjecta fricant, donec nigrescat: mox ubi id pes
221 2767 1237 2825 sumierit, effusâ aqua, colligunt in pastillos. nam
234 2821 1248 2883 tritum vehementer, cerussae simile redditur. Alii
231 2867 395 2927 elimatae
428 2867 529 2927 scobi
553 2867 761 2927 modicam
783 2867 1082 2927 plumbaginem
1121 2867 1222 2927 adji¬

232 2921 1238 2982 ciunt, affirmantes ita elotum plumbum pręstan¬
242 2968 315 3028 tius
339 2968 424 3028 esse.
430 2968 455 3028 *
473 2968 595 3028 Potest
613 2969 851 3029 refrigerare,
869 2971 1107 3031 adstringere,
1119 2969 1229 3029 indu¬

229 3019 328 3079 cere,
339 3019 499 3079 mollire,
510 3020 599 3080 cava
621 3020 782 3080 explere,
793 3021 908 3081 sistere
931 3022 1135 3082 oculorum
1146 3020 1223 3080 flu¬

221 3079 1235 3134 xiones, & ulcerum excrescentia. Sanguinem sup¬
237 3122 381 3182 primit:
398 3121 548 3181 prodest
571 3122 693 3182 contra
710 3122 804 3182 sedis
821 3124 954 3184 ulcera,
965 3124 1221 3184 condyloma¬

219 3178 1237 3240 ta & haemorrhoidas, ex rosaceo: item ad ea, quae
223 3227 1264 3278 aegrè cicatricem ducunt: & in totum spodii effe¬
1227 78 2383 173 [A] ctus praebet, nisi quòd non obducit crustas. Sin¬
1275 164 1408 224 cerum
1438 164 1644 224 plumbum
1675 163 1827 223 affrictu
1857 163 1997 223 marini
2033 165 2373 225 scorpionis,

1278 215 1507 275 draconisque
1520 215 1640 275 plagis
1659 214 1870 274 auxiliatur.
1876 214 2112 274 Dioscorides.

1333 266 1520 326 URITUK
1547 266 1748 326 plumbum
1769 266 1809 326 sic
1835 268 2097 328 Superquàm
2117 266 2378 326 tenuissi¬

1274 315 1359 375 mas
1383 316 1524 376 plumbi
1536 317 1706 377 laminas,
1712 317 1816 377 fictili
1835 317 1932 377 novo
1950 316 2133 376 inditas,
2146 316 2218 376 sul
2237 317 2377 377 phur

1280 367 1508 427 inspergito:
1521 368 1706 428 additisque
1725 368 1794 428 aliis
1813 368 1934 428 rursus
1946 368 2137 428 laminis,
2150 370 2384 430 interie¬

1278 416 1342 476 cto
1361 418 1504 478 semper
1530 419 1704 479 sulphure
1724 419 1937 479 usquedum
1951 419 2015 479 vas
2047 419 2093 479 ex
2118 421 2377 481 pleveris,

1278 470 1514 530 succendito.
1526 470 1704 530 flagrante
1721 470 1846 530 autem
1863 470 2035 530 plumbo,
2047 470 2212 530 ferrea
2237 471 2372 531 rude

1283 521 1443 581 versato,
1455 521 1574 581 donec
1592 521 1752 581 perfectè
1769 521 1959 581 redigatur
1977 520 2007 580 in
2030 520 2286 580 cinerem,
2297 521 2380 581 ni¬

1282 571 1375 631 hilque
1393 571 1410 631 è
1427 571 1585 631 plumbo
1609 572 1685 632 non
1702 572 1825 632 ustum
1842 572 1994 632 haeserit.
2012 572 2117 632 tum
2134 572 2374 632 demum

1220 631 2379 689 obstructis naribus eximito: alioquin halitus plum¬
1227 681 2387 741 bi noxius sentitur. Aut elimatam plumbi sco¬
1282 727 1369 787 bem
1387 726 1418 786 in
1437 725 1505 785 olla
1530 725 1704 785 sulphure
1722 725 1834 785 urito.
1852 725 1921 785 Alii
1933 727 2113 787 laminas
2132 726 2187 786 in
2212 725 2367 785 fictili

1279 778 1416 838 crudo,
1428 778 1468 838 ut
1485 776 1622 836 dictum
1645 776 1702 836 est,
1714 778 1931 838 imponunt
1943 779 2143 839 fornaci,
2166 778 2263 838 aut
2280 776 2366 836 fo¬

1270 829 1351 889 co,
1363 829 1392 889 &
1410 829 1713 889 circumlinentes
1731 829 1976 889 operculum,
1993 829 2098 889 dato
2122 828 2238 888 exili
2262 826 2354 886 spi¬

1283 880 1479 940 ramento,
1485 880 1612 940 urunt.
1635 880 1705 940 Alii
1728 880 1791 940 pro
1809 880 1988 940 sulphure
2012 880 2254 940 cerussam,
2277 879 2364 939 aut

1286 929 1478 989 hordeum
1495 929 1735 989 inspergunt.
1759 930 1828 990 Alii
1851 931 2010 991 integras
2027 929 2231 989 laminas
2255 927 2347 987 im¬

202 985 450 1045 deducitur,
468 982 545 1042 quae
562 982 692 1042 lumbis
710 980 893 1040 admotae,
905 980 1088 1040 geniturae
1106 980 1206 1040 fluo¬
1253 980 1513 1040 ponentes,
1531 981 1608 1041 acri
1620 982 1702 1042 igne
1720 982 1886 1042 utuntur,
1909 982 1950 1042 &
1962 982 2157 1042 rudicula
2181 982 2328 1042 ferrea

1284 1033 1470 1093 continuè
1488 1031 1657 1091 movent,
1669 1031 1756 1091 dum
1768 1031 1802 1091 in
1820 1031 1978 1091 cinerem
2001 1033 2211 1093 solvantur.
2234 1033 2327 1093 Sed

1289 1082 1446 1142 difficilis
1471 1082 1696 1142 hujusmodi
1708 1082 1817 1142 ustio,
1829 1084 1860 1144 &
1878 1084 1896 1144 si
1920 1084 2212 1144 vehementiùs
2230 1083 2334 1143 ura¬

1235 1156 2325 1190 tur, contrahit spumę argenti colorem. Magis ta¬
1283 1187 1373 1247 men
1397 1186 1505 1246 nobis
1523 1186 1642 1246 placet
1660 1186 1774 1246 prima
1791 1186 1929 1246 utendi
1941 1187 2055 1247 ratio.
2073 1186 2312 1246 Plumbum

1277 1237 1405 1297 ustum
1422 1237 1579 1297 lavatur,
1590 1237 1625 1297 ut
1647 1237 1810 1297 cadmia,
1815 1237 1854 1297 &
1865 1237 2112 1297 reconditur.
2124 1235 2158 1295 *
2185 1234 2309 1294 Eos¬

1281 1288 1368 1348 dem
1387 1288 1543 1348 effectus
1562 1288 1687 1348 habet,
1699 1288 1793 1348 quos
1811 1288 2012 1348 plumbum
2030 1289 2218 1349 elotum,
2236 1291 2305 1351 sed

1279 1339 1408 1399 multò
1425 1339 1607 1399 acriores.
1619 1336 1841 1396 Dioscorides.

1344 1390 1720 1450 RECREMENTUM
1747 1390 1902 1450 plumbi,
1915 1390 2015 1450 quod
2035 1390 2203 1450 scoriam
2224 1390 2297 1450 vo¬

1276 1441 1381 1501 cant,
1392 1439 1584 1499 optimum
1607 1439 1666 1499 est,
1677 1439 1846 1499 densum,
1858 1441 1981 1501 fractu
1998 1442 2237 1502 contumax,
2243 1442 2306 1502 ce¬

1235 1488 2291 1558 russam planè repraesentans; nihil plumbosi ha¬
1282 1544 1405 1604 bens,
1427 1543 1539 1603 quod
1555 1541 1601 1601 ad
1617 1541 1763 1601 luteum
1779 1541 1947 1601 colorem
1964 1543 2127 1603 accedit,
2143 1544 2182 1604 &
2193 1546 2283 1606 urit.

1290 1594 1542 1654 splendorem
1559 1592 1747 1652 imitatur.
1753 1592 1782 1652 *
1793 1592 1939 1652 Eadem
1963 1594 2057 1654 quae
2075 1595 2279 1655 plumbum

1225 1648 1255 1708 D
1291 1646 1468 1706 exustum
1487 1645 1627 1705 potest,
1639 1643 1699 1703 sed
1717 1644 1833 1704 magis
1851 1645 2035 1705 astringit.
2065 1646 2229 1706 Lavatur
2241 1647 2278 1707 in

1232 1697 2279 1759 mortario infusa aqua, & refusa summa aquae
1290 1747 1422 1807 parte,
1439 1747 1517 1807 quae
1529 1746 1672 1806 luteum
1690 1745 1863 1805 colorem
1887 1747 2012 1807 duxit:
2024 1747 2107 1807 idque
2131 1750 2274 1810 saepius,

1287 1798 1377 1858 dum
1404 1798 1683 1858 recrementum
1698 1799 1934 1859 absumatur.
1955 1798 2051 1858 Dein
2067 1798 2126 1858 ubi
2142 1799 2266 1859 conse¬

1289 1849 1380 1909 derit
1399 1849 1708 1909 crassamentum,
1714 1850 1813 1910 aqua
1832 1850 1963 1910 effusa,
1970 1850 2140 1910 digeritur
2160 1852 2186 1912 in
2212 1852 2271 1912 pa¬

1286 1901 1426 1961 stillos.
1439 1898 1661 1958 Dioscorides.

1338 1952 1564 2012 CERUSSA
1589 1952 1753 2012 (Germ.
1765 1952 1948 2012 Bleywelß.
1960 1952 2054 2012 Bell.
2060 1952 2268 2012 Lootueruue.

1230 2003 2260 2062 Gall. De la Cerusse. Ital. Biacca. Hispan. El aluayalde.
1285 2054 1521 2114 appellatur)
1538 2054 1579 2114 fit
1596 2053 1665 2113 hoc
1682 2053 1821 2113 modo.
1832 2053 1959 2113 Infuso
1976 2054 2012 2114 in
2029 2054 2167 2114 urceum
2179 2056 2248 2116 oris

1290 2104 1374 2164 lati,
1385 2104 1448 2164 aut
1465 2104 1572 2164 fictile
1595 2105 1799 2165 labellum,
1816 2105 1935 2165 quàm
1952 2107 2127 2167 acerrimo
2144 2108 2251 2168 aceto,

1225 2155 2243 2216 [E] laminam plumbeam supra fictilis spiraculum,
1298 2205 1456 2265 subjecta
1480 2206 1577 2266 priùs
1595 2207 1797 2267 arundinea
1815 2207 1949 2267 tegete,
1961 2207 2119 2267 firmato:
2137 2207 2241 2267 super¬

1293 2257 1482 2317 jectisque
1504 2257 1785 2317 velaminibus,
1797 2258 1843 2318 ne
1865 2260 2026 2320 halitum
2043 2260 2163 2320 expiret
2175 2260 2243 2320 ace¬

1233 2312 2246 2374 tum, ubi resoluta fuerit, defluensque deciderit, hu¬
1240 2410 2240 2477 samentumque transfundito debet quoque siccari
1294 2360 1444 2420 morem
1465 2362 1599 2422 purum
1620 2362 1664 2422 ad
1679 2362 1824 2422 summa
1840 2360 2000 2420 delatum
2022 2360 2145 2420 colato,
2161 2360 2242 2420 cras¬

1289 2463 1328 2523 in
1345 2462 1446 2522 Sole,
1458 2462 1548 2522 mox
1571 2462 1723 2522 trusatili
1745 2462 1852 2522 mola
1869 2464 1959 2524 teri,
1970 2464 2032 2524 aut
2049 2462 2117 2522 aliàs
2128 2461 2229 2521 tritum

1301 2512 1465 2572 cribrari.
1483 2513 1618 2573 postea
1641 2514 1747 2574 quod
1771 2515 1935 2575 superest
1958 2514 2070 2574 duri,
2082 2513 2111 2573 in
2129 2513 2228 2573 tenues

1301 2563 1418 2623 partes
1436 2564 1665 2624 redigendum,
1671 2566 1964 2626 cribrandumque
1976 2566 2111 2626 vicissim
2122 2564 2228 2624 eadem

1254 2617 2233 2684 tertiò, quartoque facienda. Melior, quae primò
1242 2669 2222 2733 [F] cribrata est, & medicamentis oculorum assumen¬
1248 2718 2226 2783 da. Secundum locum tenet sequens, & reliquae
1237 2761 2217 2831 suo ordine. Nec delunt qui ligneas rudes in me¬
1248 2818 2219 2891 dio vase appendant: & deraso ceu situ imposito,
1293 2869 1342 2929 ita
1364 2869 1402 2929 ut
1413 2870 1561 2930 acetum
1577 2872 1654 2932 non
1676 2872 1884 2932 contingat,
1894 2872 2081 2932 inditoque
2103 2873 2217 2933 opercu¬

1238 2919 2214 2987 lo circumlinentes dimittunt. Post dies decem
1293 2972 1415 3032 laxato
1442 2972 1709 3032 obturamento
1725 2972 1864 3032 visunt:
1874 2972 2008 3032 cumque
2018 2974 2136 3034 resoluta
2152 2975 2210 3035 ma¬

1297 3022 1383 3082 teria
1400 3023 1525 3083 fuerit,
1537 3023 1702 3083 reliqua,
1720 3023 1759 3083 ut
1776 3023 1879 3083 suprà
1902 3025 2068 3085 diximus,
2073 3027 2210 3087 exequun¬

1235 3077 2207 3147 tur. Si autem quis in pastillos velit digererem ace¬
1292 3125 1333 3185 to
1362 3125 1432 3185 acri
1449 3125 1618 3185 subacta,
1635 3125 1811 3185 dividitur
1822 3125 1857 3185 in
1881 3125 2055 3185 pastillos,
2067 3127 2143 3187 quiin
2154 3127 2207 3187 So¬

1237 3172 2201 3242 le siccantur. Aestate tamen supradictum opus
1264 3225 2203 3287 obeundum set: ita enim candida atque efficax
2064 3283 2205 3343 redditur.
