2479 3508
341 149 379 209 3

1074 134 1169 194 De
1205 136 1501 196 Metallis.

2177 141 2271 201 54

257 191 1278 264 redditur. Quinetiam hyeme paratur, urceis su¬
272 249 1224 310 pra furnos, balnea aut fornaces impositis: ascen¬
257 299 1239 369 dens enim calor idem, quod Sol, praestat. Lauda¬
267 350 1238 403 tissima fieri putant Rhodi, & Corinthi, aut Lace¬
275 399 1230 462 dęmone: proximam Puteolis. Torretur hoc mo¬
258 447 1234 512 do. Flagrantibus igni carbonibus, fictili novo,
267 495 1235 546 maximè Attico, tritam cerussam imponito, & as¬
260 546 1234 612 siduè versato: cumque cinereum colorem traxit,
253 595 1237 666 eximens refrigerato, & utitor. Est & aliud urendi
263 648 1225 711 genus. Trita patinis novis supra prunas impo¬
257 687 1288 756 nitur, & ferulacea rude movetur, donec colore [B]
263 744 1217 806 similis sandarachae fiat, exactaque ad usus mini¬
247 794 1227 850 stratur. Quae verò ita parata est, Sandyx à qui¬
257 838 1233 903 busdam dicitur. Lavatur Cerussa cadmię modo.
262 893 1223 949 * Cerussa frigida est & sicca secundo ordine:
254 941 1235 1000 occludit, emollit, explet, extenuat: insuper ex¬
261 1000 1231 1056 crescentia leniter reprimit, & ad cicatricem per¬
257 1046 1236 1104 ducit. Miscetur ceratis & emplastris, quae liparae
256 1098 1221 1169 vocantur, pastillisque. Est autem lethalis ejus po¬
256 1143 576 1222 tus. Dioscorides.
467 1194 1046 1298 De metallis astringentibus.
318 1271 1231 1346 CADMIA fornicaria melior est botrytis, item
251 1338 1231 1394 racemosa, in summo fornacis aerariae affixa, den¬
257 1393 1234 1463 sa, modicè gravis, in levitatem magis inclinans,
248 1440 1219 1493 colore spodii, & quae fracta cinerulenta & aeru¬
260 1499 1218 1558 ginosa est. Cadmia lapis, calaminaris vulgò di¬
251 1541 1221 1602 citur, cujus pulvere aes rubrum pallore tingunt,
257 1592 1218 1646 & augent etiam hodie fabri aerarii. Is alieno sa¬
254 1638 1206 1707 pore mandenti est, & in farinam tritus, aceto sub¬
255 1695 1260 1758 actus, in Sole siccatus coit in lapidem, in igne ma¬
256 1740 1218 1800 net, & fuliginem edit luteam vel aeream: quae la¬
251 1784 1218 1861 pidi cuidam in lapidum fodinis iuvento, à non¬
246 1842 1216 1904 nullis malè pro Cadinia supposito conveniunt.
250 1900 1211 1957 Reperitur itaque aliud Cadmiae genus, lapidis
263 1939 1215 1999 similitudine in aerariis fodinis, teste Gal. tametsi
254 1987 1211 2052 Dioscorides neget: imò hodiè adhuc reperitur,
257 2037 1222 2102 hisque usui est, qui aurichalcum conficiunt. Me¬
245 2093 563 2159 dici Colonienses.
308 2130 1224 2198 POMPHOLYX vera Arabum Thutia est ifit è
251 2190 1278 2251 tenuissima favilla quae in altum exolat, & recto
254 2237 1221 2298 fornacique adhaerens: principiò cùm fit, aquarum
254 2293 1212 2355 bullis simile prodit, quae per pluvias inter Veris
250 2335 1212 2404 initia erumpunt: colore albo, quae in tenuissi¬
245 2387 1226 2457 mum pollinique similem pulverem dissolvuntur:
252 2437 1222 2501 similes habent facultates, sed pompholyx est te¬
257 2501 1215 2548 nuiorum partium. Pompholyga pharmacopo¬
254 2546 1230 2600 lae Nihil album, Germani Weiß nicht / appellant.
251 2600 1222 2663 Probatur, quae Norinbergae conficitur. Hodie i¬
250 2655 1216 2701 taque cognitum, & facile ex aetariis officinis ha¬
248 2692 1276 2753 beri posset: sed his substitui possunt Dioscoridis
247 2742 1234 2815 antispodia, aut officinarum thutia * Vim habet
246 2809 1218 2863 adstringendi, refrigerandi, explendi, purgandi,
251 2849 1221 2910 obstruendi, & aliquantum exiccandi. Inter me¬
261 2899 1218 2966 dicamenta numeratur, quae leniter crustas ob¬
250 2943 784 3022 ducunt. Medici Colonienses.
317 2976 1236 3056 SPODIUM in aeris fornacibus invenitur, ubi
248 3048 1230 3109 & pompholyx. quae Arabum Thutia est (nam
248 3096 1233 3150 officinarum thutia, veterum Cadmia est, ut mox
251 3149 1228 3207 dicetur:) fiunt ex favillis è metallo, dum coqui¬
247 3193 1225 3262 tur, emicantibus, & specie differunt. nam spodium
249 3252 1212 3318 fit è partibus crassioribus, & in aeratium offici¬
1301 171 2278 256 narum pavimentis reperitur. Ideo multum terrae
1307 248 2277 309 colligit, & spurcitia reficitur. Hoc hodie in phar¬
1307 300 2279 356 macopoliis Nihili griseum, & à Germanis Graw
1309 357 2270 406 nicht appellatur. Spodium Avicennae fit ex arun¬
1309 398 2283 452 dinis radicibus, ejusque usus est in ab Avicenna
1313 446 2274 513 pręscriptis medicamentis: nam antispodii genus
1307 498 2283 562 est. Illud verò quod ex boum, similiumque ani¬
1307 548 2271 608 malium cruribus confectum officinae usurpant,
1315 601 2274 660 praestatrejicere, ejusque loto, aut Avicennae, aut
1307 646 2277 701 Dioscoridis aliquo antispodii genere uti, in his
1311 697 2270 761 pręsertim, quae intrò sumenda sunt, meditamen¬
1310 755 2268 810 tis: in his verò quae foris adhibentur, aut vero
1291 786 2280 868 spodio, aut pompholyge, aut thutia officinarum
1294 846 1910 925 praeparata. Medici Colonienses.
1360 891 2265 958 THUTIA Officinarum veterum cadmia est,
1298 936 2261 1009 fornicaria scilicet. Gignitur in fornacibus aera¬
1305 1004 2268 1058 riis, fuligine flatu egesta, veluti spodium & pom¬
1304 1047 2261 1126 pholyx, quae vera est Arabum thutia. Medici Co¬
1288 1095 1485 1159 lonienses.
1356 1128 2265 1200 GYPSUM (Germ. Gypß. Belg. Leem mortel. Ital.
1296 1191 2262 1256 Gesso. Gall. Dis plasire. Hispan. Yesso nominatur, è
1305 1248 2264 1306 quodam candido lapide fit, in laminas facilè scissi¬
1293 1294 2286 1348 li: qui tamen non longa ignium vi torretur, &
1298 1355 2261 1410 excoquitur. Fit etiam gypsum è speculari lapide,
1298 1399 2275 1457 qui Graecis σιληνίτοι dicitur. Item ex alio quodam
1288 1437 2264 1518 lapide nivei candoris, è quo in Hetruria torno
1294 1495 2274 1566 patinae & alia vasorum genera conficiuntur. Hunc
1296 1562 2272 1614 Alabastrum appellant, sed perperam. Gypsum
1295 1596 2266 1653 & ipsum ad communem omnium terrenorum,
1292 1642 2262 1703 lapidosorumque corporum facultatem, qua de¬
1301 1695 2256 1757 siccare dicta sunt, insuper hoc adjunctum habet,
1301 1751 2256 1805 quod est facultatis emplasticae. * Habet vim ad¬
1298 1793 2254 1848 stringendi, obstruendi: sanguinis eruptiones,
1290 1844 2266 1910 sudoresque cohibet: sed potum, strangulationis
1296 1897 2080 1968 modo jugulat. Galen. Diosc or. Mathiolus.
1549 1961 2022 2051 De metallis venenosis.
1343 2032 2267 2105 ARGENTUM VIVUM potum, stomacho, ven¬
1298 2095 2251 2160 tri, & interaneis gravitatem cum magnis tormi¬
1294 2159 2259 2204 nibus adfert, & nonnunquam pondere suo inte¬
1295 2195 2250 2263 stina vulnerat: urinamque supprimit: corpus intu¬
1289 2259 2271 2303 mei plumbeamque deformitatem concipit. Lac
1290 2288 2262 2370 copiosè potum auxiliari constat: sed postea evo¬
1300 2342 1962 2407 mant, qui hauserunt. Dioscorides.
1334 2378 2266 2456 ARGENTI SPUMA pota eadem quae argen¬
1294 2448 2259 2501 tum vivum infert. Quibus subvenit secundum
1296 2501 2259 2556 vomitionem, potum sylvestris hormini semen,
1285 2549 2254 2608 myrthae drachmae octo, absinthium, hyssopum,
1300 2591 2263 2656 apii semen, aut piper, aut ligustri flos ex vino: a¬
1303 2642 2259 2707 ridum palumbis fimum, cum nardo & vino¬
1285 2700 1521 2759 Dioscorides.
1347 2747 2259 2799 AURIPIGMENTUM, CALX, & SANDARA¬
1296 2794 2262 2855 CHA, pota, alvum & intestina cum vehementi
1290 2839 2251 2895 crosione exeruciant. Praebenda cuncta quae suo
1298 2892 2250 2952 admistu illorum acrimoniam hebetant ac sol¬
1290 2934 2262 3000 vunt, & facilem lubricamque alvum reddunt, cu¬
1299 2988 2255 3057 jusmodi ibisci & malvae succus est. Dandum de¬
1286 3033 2250 3096 coctum seminis lini, vel lemen tragi herbae vel
1296 3092 2257 3156 oryzae lacque cum aqua mulsa copiosum jura pin¬
1296 3140 1897 3209 guia, & boni succi. Dioscorides.
1355 3175 2247 3251 CERUSSA suo colore proditur: sumpta e¬
1301 3234 2146 3322 nim, mox palatum, gingivae, lingua & commis¬
