2479 3508
307 96 372 156 9

809 83 1206 143 Antidotarii
1236 86 1505 146 specialis
1544 90 1684 150 Lib.
1703 91 1754 151 I.

2249 92 2382 152 60

353 139 1165 252 De lapidibus preciosis, frigidis in gra¬
635 234 883 321 du primo.
275 294 1242 380 HYACINTHORUM duae sunt species: rubra,
250 350 1257 432 Iquae nobilior est: et carbunculo similis, quae
263 413 1248 467 ab igne illicò mutatur: vixque qui lentem ma¬
265 461 1248 528 gnitudine excedat, invenitur. Sed gemmarii
255 522 1245 576 saepe Granatum Aethiopicum pro eo ostendunt.
263 562 1249 625 Nascuntur verò ex quibusdam Lusitaniae lo¬
262 608 1242 678 eis, ut in Belas non procul Olysipone & multis
250 660 1252 734 Hispaniae locis. Pro constanti creditur, homi¬
254 708 1248 776 nem tutum reddere à fulminibus, pesteque: &
251 777 1258 834 si peste quis laboret, nitorem amittere, colorem¬
250 830 1247 879 que dilutiorem ac languidiorem induere. * Cor
256 878 1250 934 etiam confirmat, ebibitus & gestatus: somnum
258 917 1248 981 conciliat, & honores auget, tum divitias atque
274 971 1242 1041 prudentiam: quae omnia etiam facit, qui colo¬
260 1041 1255 1085 rem habet florum garyophylli Turcici, id est lu¬
269 1077 1249 1142 teum, quasi lutei ovi, sed splendidum & perspi¬
256 1131 1242 1186 cuum. Venustus est, ac non facilè vitiatur: est e¬
262 1184 1248 1256 nim corneolo aliquantulum durior. non est ta¬
256 1220 978 1298 men adeò efficax, ut ille. Cardanus.
323 1269 1255 1340 SAPPHIRUS (Germ. Sapphyr. Ital. Zaffiro.
263 1324 1248 1385 Gall. Sapphyr. Hisp. El Zufir piedra preciosa. Arab.
251 1379 1258 1436 Nilaa.) Gemmarum omnium pulcherrima est,
258 1444 1245 1496 coeci colorem refert miro splendore, & perspi¬
257 1502 1251 1543 cuitate summa: non tamen margaritas, carbun¬
258 1542 1260 1601 culos, adamantes. neque smaragdos precio vin¬
262 1594 1263 1646 cit omnium durissima, praeter adamantem. Ejus
262 1638 1252 1701 duo sunt genera. Unum enim obscurius est, alte¬
259 1687 1260 1745 rum verò splendens, quod genus vulgo Sapphy¬
253 1743 1257 1794 rum aqueum vocant. Vilior hic est, & interdum
266 1786 1258 1848 coloris cujusdam admixtione Adamantem ita
253 1840 1249 1894 aemulatur, ut nonnullos plerumque fefellerit.
266 1892 1252 1955 Invenitur utrumque genus in Calecut, Cananor,
268 1943 1244 1994 & variis regni Bisnagua locis. Praestantiores ex
252 1997 1251 2055 Zeilan adferuntur: omnium verò laudatissimi ex
256 2042 1245 2100 Pegu. Omnibus in morbis cutis gestando utilis
257 2094 1249 2157 est, ut ego expertus sum: anthraces enim nasci
260 2155 1249 2213 vetat pestifero tempore, & scabiem semper mi¬
256 2195 1248 2256 nuit, castum & pudicum etiam ob id reddit, &
269 2250 1249 2304 sudores eadem ratione comprimit. Et ex secun¬
263 2295 1261 2356 dis quasi viribus corpus confirmat, & colorem
263 2347 1249 2409 bonum facit. terrores vanos tollit: atrae bili ad¬
262 2410 1264 2471 versatur, cohibet, & juxta etiam pellit. Mores in
253 2455 387 2515 melius
409 2458 553 2518 mutat,
575 2456 763 2516 tanquam
784 2455 822 2515 ex
843 2453 956 2513 tertiis
977 2453 1127 2513 vitibus:
1143 2454 1245 2514 unde

269 2510 353 2570 pios
369 2509 481 2569 facit,
497 2509 531 2569 &
547 2507 742 2567 tranquillos
759 2506 910 2566 oculos,
921 2506 949 2566 si
960 2506 1088 2566 tangat
1105 2507 1250 2567 saepius,

272 2558 282 2618 à
302 2558 449 2618 variolis
475 2558 688 2618 praeservat:
708 2557 743 2617 &
753 2557 956 2617 anthraces
972 2557 1109 2617 eodem
1124 2557 1246 2617 modo

258 2608 465 2668 impositus
487 2608 637 2668 mitigat
660 2608 694 2668 &
711 2608 832 2668 sedat.
849 2608 884 2668 *
907 2608 1085 2668 Creditur
1108 2608 1251 2668 necro¬

265 2659 415 2719 mantiae
431 2657 624 2717 auxiliari:
640 2657 699 2717 sed
715 2657 817 2717 priùs
839 2657 1064 2717 constituere
1080 2659 1252 2719 oportet,

269 2710 477 2770 quomodo
500 2710 552 2770 sit,
563 2709 604 2769 an
621 2708 801 2768 naturalis
818 2708 974 2768 scilicet,
991 2708 1107 2768 idque
1124 2708 1257 2768 diffici¬

269 2764 295 2824 le
310 2763 477 2823 videtur:
488 2761 577 2821 nam
592 2760 728 2820 animam
738 2759 780 2819 ab
796 2759 915 2819 errore
931 2759 1082 2819 liberat.
1098 2759 1171 2819 haec
1192 2759 1250 2819 au¬

265 2815 342 2875 tem
364 2813 509 2873 constat
525 2812 661 2872 violata
681 2810 817 2870 mentis
843 2810 879 2870 &
890 2810 1062 2870 sensuum
1083 2810 1161 2870 acie
1187 2812 1244 2872 vel

260 2864 276 2924 à
297 2864 423 2924 divino
444 2863 622 2923 numine:
638 2863 717 2923 non
738 2863 801 2923 par
822 2861 942 2921 autem
963 2861 1027 2921 est,
1037 2861 1157 2921 lapidi
1168 2861 1252 2921 tan¬

264 2917 341 2977 tum
357 2916 528 2976 tribuere.
539 2914 668 2974 Malim
684 2914 808 2974 tamen
824 2912 860 2972 in
875 2912 995 2972 dubiis
1011 2912 1250 2972 experimen¬

259 2968 307 3028 to
330 2968 471 3028 cedere.
482 2967 537 3027 Ob
558 2966 733 3026 duritiem
750 2965 815 3025 qui
825 2963 978 3023 acerbus
995 2963 1055 3023 est,
1066 2963 1088 3023 si
1104 2965 1245 3025 pertres

259 3017 379 3077 horas
395 3017 427 3077 in
444 3017 537 3077 auro
554 3016 804 3076 excoquatur,
810 3016 842 3076 in
859 3016 1017 3076 speciem
1039 3016 1165 3076 transit
1181 3016 1251 3076 ad¬

255 3068 438 3128 amantis,
450 3067 778 3127 candidissimusque
795 3067 938 3127 evadit,
951 3067 991 3127 ac
1008 3068 1250 3128 splendidus.

269 3121 381 3181 Unde
402 3119 498 3179 patet
519 3118 759 3178 exhalatione
774 3118 886 3178 terrea
902 3118 1009 3178 tingi.
1024 3118 1131 3178 antea
1147 3118 1243 3178 enim

267 3172 324 3232 non
335 3171 432 3231 adeò
456 3169 661 3229 perspicuus
684 3169 752 3229 est:
769 3169 963 3229 propterea
987 3169 1095 3229 etiam
1106 3170 1248 3230 tinctu¬

253 3221 341 3281 ram
362 3220 492 3280 recipit
507 3220 668 3280 nigram,
684 3220 767 3280 cùm
783 3221 923 3281 relique
939 3221 1069 3281 omnes
1089 3221 1251 3281 gemmae

270 3277 356 3337 quae
371 3274 615 3334 adamantem
637 3274 824 3334 referunt,
845 3277 1047 3337 uncturam
1062 3277 1134 3337 non
1156 3277 1241 3337 tan¬

1316 153 1423 213 gant,
1429 154 1471 214 ne
1488 155 1727 215 obscurentur,
1739 155 1799 215 sed
1816 154 1941 214 solùm
1954 154 1995 214 ab
2019 154 2049 214 ea
2067 154 2240 214 circum
2257 154 2400 214 den¬

1314 205 1391 265 tur.
1414 206 1607 266 Caeterùm
1625 206 1847 266 Sapphyrus
1865 205 2041 265 percussis
2064 205 2076 265 à
2094 206 2398 266 scorpione,

1322 255 1414 315 potu
1442 256 1621 316 prodesse
1643 257 1894 317 existimatur.
1938 256 2084 316 Contra
2106 257 2389 317 intestinas

1317 307 1628 367 exulcerationes
1649 307 1816 367 bibitur.,
1837 307 2094 367 Excrescentia
2110 308 2158 368 in
2185 310 2399 370 oculis,

1324 358 1488 418 uvasque
1510 359 1542 419 &
1559 359 1722 419 pustulis
1739 358 1903 418 inhibet,
1920 358 1957 418 &
1974 358 2105 418 ruptas
2121 359 2400 419 membra¬

1321 410 1390 470 nas
1406 410 1523 470 cogit.
1539 410 1699 470 Additur
1721 410 1790 470 hoc
1806 410 1976 470 tempore
1997 410 2030 470 in
2046 411 2392 471 medicamen¬

1320 461 1357 521 ta
1378 461 1416 521 ad
1437 461 1496 521 cor
1512 461 1704 521 facientia,
1720 461 1757 521 &
1768 461 1805 521 in
1822 461 2024 521 anudota,
2040 463 2125 523 quae
2147 461 2163 521 a
2174 461 2392 521 dversus

1327 514 1465 574 venena
1488 514 1521 574 &
1532 514 1731 574 pestiferos
1748 514 1903 574 effectus
1920 514 2114 574 parantur.
2125 514 2385 574 Cardanus,

1327 564 1550 624 Dioscorides,
1561 563 1719 623 Galenus,
1731 563 1767 623 &
1784 563 1948 623 Garcias.

1367 616 1669 676 SMARAGDUS
1691 616 1844 676 (Germ.
1855 616 1910 676 Ein
1932 615 2130 675 Smaragd.
2141 614 2201 674 Ita
2212 614 2245 674 l.
2256 614 2376 674 Sme¬

1323 665 1432 725 raldo.
1449 665 1552 725 Gall.
1563 666 1782 726 Esmeraude.
1793 667 1896 727 Hisp.
1913 667 2114 727 Esmeralda.
2132 667 2292 727 Persis
2332 667 2383 727 &

1318 716 1439 776 Indis,
1450 717 1598 777 Pache.
1615 718 1796 778 Arabibus
1818 718 1900 778 verò
1922 718 2120 778 Zamarut.)
2136 718 2377 778 gemma¬

1320 769 1401 829 rum
1418 769 1591 829 omnium
1619 769 1896 829 pretiosissima,
1912 769 1945 829 &
1961 769 2075 829 fermè
2092 770 2368 830 tenerrima¬

1320 821 1445 881 ejusque
1467 821 1576 881 locus
1592 820 1722 880 natalis
1739 820 1793 880 vix
1810 821 2044 881 agnoscitur,
2060 820 2180 880 nullis
2202 820 2359 880 rema¬

1319 871 1501 931 nentibus
1523 872 1769 932 fragmentis,
1785 872 1845 932 sed
1866 872 2016 932 propter
2032 872 2209 932 raritatem,
2219 872 2364 932 etiam

1325 922 1361 982 ea
1382 923 1637 983 auferentibus
1652 922 1970 982 negotiatoribus.
1996 922 2173 982 Vulgare
2199 923 2355 983 autem

1325 973 1371 1033 est
1395 973 1430 1033 in
1447 974 1622 1034 Balagate
1639 974 1675 1034 &
1692 974 1890 1034 Bisnager,
1913 973 1954 1033 ut
1971 974 2117 1034 fictitias
2140 974 2350 1034 Smarag¬

1315 1024 1390 1084 dos
1417 1024 1454 1084 ex
1476 1025 1679 1085 vitrearum
1695 1025 1915 1085 lagenarum
1943 1024 2195 1084 crassioribus
2221 1025 2340 1085 frag¬

1320 1075 1459 1135 mentis
1480 1075 1672 1135 conflent.
1688 1075 1763 1135 Sed
1784 1076 1816 1136 &
1833 1076 2035 1136 Smaragdi
2057 1077 2141 1137 quae
2163 1078 2206 1138 ex
2238 1078 2344 1138 Peru

1317 1125 1411 1185 novi
1432 1127 1531 1187 orbis
1557 1127 1750 1187 provincia
1771 1127 2038 1187 advehuntur,
2058 1128 2335 1188 adulteratio¬

1319 1179 1370 1239 nis
1393 1180 1599 1240 suspicione
1616 1180 1697 1240 non
1714 1179 1829 1239 carent.
1846 1178 1983 1238 Verùm
2001 1179 2207 1239 Scythicos
2230 1180 2340 1240 prae¬

1317 1231 1410 1291 ferri
1431 1229 1613 1289 omnibus
1634 1229 1815 1289 creditum
1837 1231 1904 1291 est,
1919 1231 2018 1291 inde
2039 1231 2330 1291 Britannicos:

1325 1280 1403 1340 tum
1426 1280 1487 1340 alii
1510 1280 1789 1340 subsequuntur
1812 1281 1918 1341 primi
1940 1282 2108 1342 generis.
2141 1281 2332 1341 Secundi

1318 1333 1443 1393 autem
1463 1333 1543 1393 sunt
1568 1333 1608 1393 ex
1628 1333 1733 1393 Perum,
1743 1333 1928 1393 duriores,
1938 1333 2148 1393 alacriores,
2158 1333 2223 1393 sed
2243 1334 2328 1394 non

1325 1384 1421 1444 adeò
1445 1383 1553 1443 pressi
1570 1382 1724 1442 coloris,
1741 1384 1821 1444 atque
1838 1384 2026 1444 herbacei.
2037 1384 2100 1444 sed
2117 1383 2248 1443 solùm
2265 1381 2322 1441 vi¬

1320 1435 1433 1495 rides,
1445 1433 1576 1493 ideoque
1588 1433 1702 1493 magis
1724 1435 1923 1495 perspicui.
1940 1435 2106 1495 Tertium
2129 1435 2248 1495 genus
2265 1433 2316 1493 vi¬

1319 1483 1351 1543 le
1372 1483 1404 1543 &
1420 1484 1622 1544 abjectum,
1639 1486 1879 1546 occidentalis
1900 1486 2012 1546 etiam
2028 1486 2161 1546 Indiae,
2178 1486 2316 1546 primis

1323 1535 1460 1595 durius:
1471 1537 1528 1597 sed
1545 1537 1603 1597 vix
1625 1537 1820 1597 perspicui,
1831 1537 1860 1597 &
1877 1537 2042 1597 hebetes.
2053 1538 2128 1598 luce
2151 1538 2310 1598 propria

1322 1586 1515 1646 gaudent:
1531 1588 1623 1648 ideo
1644 1588 1762 1648 noctu
1779 1588 2036 1648 pulchriores.
2058 1588 2111 1648 An
2133 1588 2315 1648 omnibus

1319 1639 1455 1699 similes
1472 1639 1592 1699 vires,
1609 1639 1653 1699 &
1669 1639 1713 1699 an
1735 1639 2025 1699 smaragdorum
2042 1639 2059 1699 è
2075 1639 2212 1699 genere
2234 1640 2317 1700 sint,

1322 1690 1404 1750 satis
1425 1690 1523 1750 mihi
1545 1690 1703 1750 dubium
1725 1690 1791 1750 est.
1818 1690 1998 1750 Prassium
2014 1690 2227 1750 aliquando
2244 1690 2309 1750 ha¬

1320 1741 1387 1801 bui
1404 1741 1599 1801 smaragdo
1628 1741 1936 1801 proximiorem,
1952 1741 2153 1801 smaragdis
2171 1742 2255 1802 Peru
2277 1742 2310 1802 &

1316 1792 1350 1852 S.
1362 1792 1533 1852 Marthae.
1562 1792 1642 1852 Qui
1670 1792 1711 1852 ex
1734 1792 1826 1852 Peru
1843 1792 1946 1852 sunt,
1963 1792 2025 1852 vix
2043 1793 2134 1853 unus
2163 1793 2203 1853 est
2226 1793 2294 1853 sine

1319 1841 1466 1901 macula
1488 1841 1548 1901 aut
1564 1841 1674 1901 vitio.
1691 1843 1871 1903 Plerique
1888 1843 1997 1903 etiam
2019 1844 2177 1904 dilutum
2194 1843 2298 1903 nimis

1322 1894 1466 1954 habent
1483 1894 1667 1954 colorem:
1684 1894 1742 1954 alii
1759 1894 1954 1954 paululum
1971 1894 2179 1954 nigricant,
2196 1895 2293 1955 quod

1318 1945 1477 2005 omnem
1497 1945 1682 2005 decorem
1702 1946 1841 2006 aufert.
1867 1946 2000 2006 Nullae
2016 1946 2180 2006 gemmae
2190 1946 2298 2006 tutius

1319 1996 1490 2056 feruntur
1507 1997 1718 2057 smaragdo,
1729 1997 1917 2057 sapphyro
1940 1997 1975 2057 &
1986 1997 2208 2057 hyacintho.
2220 1997 2288 2057 Sed

1320 2047 1537 2107 smaragdus
1559 2047 1736 2107 facillimè
1759 2048 1965 2108 frangitur,
1977 2048 2062 2108 cùm
2079 2048 2199 2108 tamen
2222 2050 2296 2110 pre¬

1320 2098 1420 2158 cium
1442 2098 1487 2158 sit
1504 2099 1661 2159 ingens.
1695 2098 1896 2158 Quoniam
1918 2099 2013 2159 verò
2036 2099 2137 2159 nulla
2153 2101 2288 2161 gemma

1318 2149 1491 2209 colorem
1518 2150 1680 2210 aliquem
1708 2150 1853 2210 suscipit
1869 2150 1903 2210 in
1920 2150 2103 2210 regressu,
2126 2150 2159 2210 ut
2176 2151 2204 2211 in
2215 2152 2293 2212 fru¬

1313 2200 1466 2260 ctibus,
1483 2200 1516 2260 &
1532 2200 1609 2260 aliis
1631 2200 1834 2260 vilioribus
1856 2201 1966 2261 rebus
1987 2201 2147 2261 accidit,
2158 2203 2283 2263 necesse

1326 2251 1372 2311 est
1389 2251 1425 2311 ut
1442 2252 1570 2312 frigida
1587 2252 1651 2312 sit,
1669 2252 1709 2312 &
1721 2252 1924 2312 exustionis
1947 2252 2063 2312 omnis
2087 2251 2215 2311 expers:
2226 2251 2278 2311 id¬

1319 2305 1412 2365 eoque
1428 2304 1599 2364 venerem
1615 2303 1782 2363 cohibet.
1797 2303 1927 2363 Ferunt
1943 2303 2047 2363 etiam
2062 2303 2099 2363 in
2115 2302 2281 2362 virginum

1313 2355 1571 2415 defloratione
1606 2356 1776 2416 egregias
1806 2354 2029 2414 smaragdos
2064 2354 2199 2414 frangi.
2217 2354 2282 2414 Hae

1323 2407 1416 2467 sunt,
1428 2405 1509 2465 quae
1526 2405 1626 2465 purae
1643 2405 1748 2465 sunt,
1766 2405 1806 2465 &
1824 2405 1929 2465 pressi
1952 2405 2086 2465 coloris
2109 2405 2278 2465 herbacei,

1326 2458 1403 2518 cum
1426 2456 1532 2516 tanto
1554 2456 1716 2516 fulgore,
1732 2456 1765 2516 ut
1782 2456 1905 2516 aërem
1922 2456 2039 2516 ipsum
2055 2455 2272 2515 circumstan¬

1319 2508 1412 2568 tem,
1428 2507 1464 2567 ac
1485 2507 1678 2567 proximas
1693 2507 1745 2567 res
1766 2507 1896 2567 colore
1917 2507 2099 2567 inficiant.
2114 2507 2209 2567 quod
2224 2506 2276 2566 ex¬

1324 2558 1580 2618 perimentum
1600 2558 1689 2618 licet
1715 2558 1898 2618 evidens,
1913 2560 2039 2620 rarum
2055 2560 2112 2620 sit,
2123 2558 2273 2618 frequens

1317 2608 1447 2668 tamen
1463 2609 1508 2669 est
1526 2609 1774 2669 subobscurè,
1791 2611 1943 2671 propter
1966 2611 2102 2671 coloris
2119 2609 2215 2669 ipsius
2232 2609 2282 2669 ro¬

1320 2659 1386 2719 bur
1408 2659 1599 2719 innatum.
1605 2659 1632 2719 *
1660 2660 1775 2720 Porrò
1797 2660 2016 2720 smaragdus
2038 2662 2224 2722 comitiales
2240 2664 2273 2724 &

1319 2713 1521 2773 vertigines
1537 2711 1654 2771 sanat,
1665 2711 1697 2771 &
1707 2711 1936 2771 memoriam
1958 2712 2165 2772 confirmat.
2176 2714 2266 2774 Sedat

1312 2764 1481 2824 affectus
1497 2764 1633 2824 animi,
1649 2764 1687 2824 &
1698 2762 1742 2822 ad
1764 2762 2014 2822 divinandum
2025 2762 2122 2822 utilis
2139 2764 2193 2824 est,
2209 2766 2258 2826 sub

1318 2815 1444 2875 lingua
1466 2815 1668 2875 contenta.
1684 2814 1782 2874 Visui
1799 2813 1985 2873 perquàm
2002 2813 2116 2873 utilis,
2127 2814 2154 2874 &
2165 2816 2264 2876 cordis

1313 2866 1537 2926 affectibus,
1555 2866 1779 2926 facundiam
1802 2864 1837 2924 &
1862 2864 2044 2924 amorem
2068 2865 2144 2925 erga
2174 2869 2268 2929 studia

1317 2917 1508 2977 adauget.
1519 2917 1781 2977 Elephanticis
1800 2917 1895 2977 utilis
1913 2916 2097 2976 gestatus:
2109 2917 2157 2977 sed
2169 2918 2264 2978 magis

1315 2969 1494 3029 ebibitus.
1504 2968 1538 3028 &
1553 2966 1731 3026 omnibus
1746 2965 1900 3025 venenis
1919 2965 2147 3025 adversatur:
2157 2969 2217 3029 tum
2227 2970 2261 3030 e¬

1317 3019 1413 3079 tiam
1430 3019 1663 3079 dysentericis
1686 3017 1888 3077 plurimum
1906 3017 2055 3077 prodest
2079 3019 2186 3079 Inanes
2204 3020 2263 3080 ter¬

1314 3071 1413 3131 rores
1434 3070 1602 3130 discutit,
1618 3070 1712 3130 quos
1733 3068 1969 3128 Daemonum
1985 3068 2101 3128 vocat
2111 3070 2216 3130 vulgus
2226 3070 2257 3130 il¬

1317 3121 1489 3181 lusiones
1514 3121 1645 3181 bonos
1666 3119 1791 3179 mores
1817 3119 1859 3179 ob
1880 3119 1917 3179 id
1937 3119 2099 3179 praestat:
2114 3119 2187 3179 nam
2204 3121 2261 3181 im¬

1326 3173 1489 3233 probitas
1507 3172 1554 3232 nil
1571 3171 1671 3231 aliud
1688 3170 1752 3230 est,
1770 3170 1881 3230 quàm
1898 3172 2050 3232 inscitia,
2062 3172 2161 3232 atque
2172 3173 2261 3233 stulti¬

1311 3223 1375 3283 tia,
1387 3223 1515 3283 iraque
1539 3223 1656 3283 Auget
1673 3224 1761 3284 opes
1778 3226 2001 3286 deferentis.
2024 3225 2187 3285 Cardanus,
2199 3223 2222 3283 A

1325 3278 1431 3338 bertus
1450 3278 1602 3338 Magnus,
1615 3280 1767 3340 Gartias.

2163 3328 2237 3388 Dila
