2479 3508
2158 -1 2247 58 DZ

201 61 1191 126 De lapidibus preciosis seu gemmis frigidis
437 125 882 218 in gradu secundo.
205 201 462 261 RUBINUS
486 203 551 263 seu
574 206 996 266 CARBUNCULUS
1019 209 1177 269 (Germ.

163 251 218 311 Ein
234 253 374 313 Rubyn.
390 254 467 314 Ital.
478 255 529 315 Vn
551 256 695 316 Rubino,
711 257 944 317 Carbunculo.
956 259 1055 319 Gall.
1073 261 1166 321 Escar

154 305 274 365 boucle.
291 307 412 367 Hisp.
423 307 471 367 El
495 308 681 368 Caruoncol
698 310 836 370 piedra.
854 311 991 371 Graecè
1022 316 1172 376 ἄνθραξ.)

160 356 305 416 gemma
329 361 401 421 est,
419 361 504 421 quae
522 362 674 422 ignibus
692 362 759 422 diu
777 363 934 423 pesistit:
958 366 1067 426 cujus
1091 369 1164 429 tres

162 409 229 469 sunt
241 412 382 472 species
406 415 608 475 propriae,
626 416 767 476 omisso
791 418 987 478 Granato,
999 421 1170 481 Balasio¬

157 464 232 524 que,
237 466 432 526 tanquam
449 467 501 527 sui
518 467 690 527 generis.
714 469 886 529 Gemma
915 471 961 531 est
978 473 1087 533 rubri
1110 475 1174 535 co¬

153 515 243 575 loris,
254 517 288 577 ac
311 519 518 579 micantis,
529 521 569 581 ut
586 521 704 581 ignis:
716 523 912 583 violaceus
935 525 1042 585 color
1064 528 1098 588 in
1121 529 1165 589 eo

153 568 1178 637 etiamsi gratiam addat, vitium tamen est, & pre¬
157 622 244 682 cdum
255 625 412 685 minuit.
430 626 529 686 Ejus
546 626 611 686 tria
634 626 715 686 sunt
739 626 907 686 genera:
931 631 1157 691 Orientalis,

162 677 268 737 rubith
280 679 342 739 seu
362 679 486 739 rubin,
498 679 536 739 id
554 679 598 739 est
623 679 772 739 spinella
797 680 853 740 (ut
872 682 996 742 dicunt)
1015 683 1053 743 &
1065 686 1164 746 Ger¬

156 728 325 788 manicus,
337 730 471 790 durus,
483 731 547 791 sed
565 731 775 791 nigricans,
787 733 881 793 ideo
904 734 1003 794 parvi
1021 736 1167 796 admo¬

155 781 232 841 dum
249 783 378 843 precii,
390 784 454 844 etsi
478 785 631 845 gemma
648 785 731 845 veta
754 785 807 845 sit,
819 786 878 846 sed
901 788 1025 848 neque
1048 790 1089 850 ad
1107 793 1159 853 la¬

155 834 338 894 titudinem
361 836 441 896 pisi
464 838 698 898 perveniunt
716 839 967 899 hiunquam.
985 843 1077 903 cùm
1094 846 1156 906 ve¬

153 884 186 944 rò
202 886 317 946 tenues
339 889 443 949 sint,
465 890 690 950 Gemmarii
706 892 821 952 etiam
838 894 1040 954 tenuiores
1062 898 1155 958 red¬

157 937 253 997 dunt,
269 938 301 998 ut
317 940 461 1000 meliùs
482 943 611 1003 lumen
632 945 845 1005 excipiant,
856 946 925 1006 nec
946 949 1160 1009 obfuscen¬

149 991 197 1051 tur
209 991 293 1051 adeò
323 994 504 1054 Spinella
528 996 660 1056 clarior
684 998 744 1058 est,
757 999 792 1059 &
810 1001 1027 1061 jucundior
1045 1003 1153 1063 aspe¬

153 1043 213 1103 ctu,
226 1045 280 1105 sed
299 1046 457 1106 tenera:
475 1049 651 1109 precium
670 1050 718 1110 ob
737 1051 773 1111 id
791 1051 925 1111 vilius,
943 1054 1095 1114 durities
1114 1057 1174 1117 ta¬

166 1098 233 1158 men
250 1099 284 1159 in
300 1100 350 1160 eis
368 1102 519 1162 diversa
541 1103 586 1163 est
614 1103 827 1163 tenerrimae
854 1106 1039 1166 quaedam
1056 1109 1157 1169 enim

163 1149 242 1209 sunt,
258 1152 337 1212 aliae
359 1155 495 1215 prope
518 1156 698 1216 duritiem
715 1157 793 1217 veri
811 1159 1058 1219 carbunculi,
1075 1163 1165 1223 quae

166 1202 250 1262 paulo
274 1207 436 1267 inferior
460 1210 508 1270 est
532 1210 717 1270 sapphyri
742 1211 897 1271 duritie.
927 1213 1071 1273 Omnis
1095 1215 1155 1275 au¬

169 1257 370 1317 ungemma
392 1261 534 1321 durior
551 1264 785 1324 teneriorem
801 1264 916 1324 secat,
932 1265 1030 1325 adeò
1052 1267 1090 1327 ut
1112 1268 1155 1328 e¬

174 1310 232 1370 iam
250 1312 438 1372 crystallus
455 1315 591 1375 durior
602 1318 743 1378 vitrum
761 1319 878 1379 secet,
895 1321 919 1381 si
937 1321 1153 1381 praeacutus

162 1361 192 1421 sit
216 1366 482 1426 Adulterantur
500 1369 729 1429 carbunculi
760 1372 1020 1432 sandaracha,
1032 1373 1068 1433 id
1093 1376 1159 1436 est,

179 1417 426 1477 aunpigmento
444 1421 565 1481 rubro
587 1424 783 1484 excocto,
800 1425 881 1485 atque
892 1426 938 1486 ita
961 1426 1162 1486 venenum

180 1469 243 1529 daut
260 1472 313 1532 pro
330 1475 683 1535 alexipharmaco.
695 1477 990 1537 Dignoscuntur
1013 1478 1163 1538 adulte¬

179 1521 238 1581 mi,
244 1526 462 1586 interposito
486 1529 645 1589 colore:
662 1529 697 1589 ut
721 1529 745 1589 si
762 1529 869 1589 albus
892 1531 1151 1591 carbunculus

182 1574 345 1634 mterposito
369 1579 507 1639 minio
531 1580 597 1640 aut
609 1582 850 1642 cynnabari,
868 1582 1043 1642 crystallo
1067 1583 1157 1643 sup¬

195 1628 1170 1686 ponaturex angulis: quoniam colorem recipere
196 1678 247 1738 non
258 1681 378 1741 possunt
401 1685 602 1745 transvers
613 1688 630 1748 è
647 1688 910 1748 inspiciendo.
933 1690 1144 1750 Orientalis

184 1733 332 1793 carbanculi
350 1739 551 1799 praeterea
581 1741 663 1801 duae
681 1741 764 1801 sunt
787 1742 953 1802 species.
977 1742 1066 1802 nam
1083 1744 1148 1804 qui

173 1784 249 1844 aides
260 1789 412 1849 omnino
435 1792 505 1852 est,
516 1793 558 1853 ut
575 1793 773 1853 superfusa
796 1793 918 1853 noctu
942 1795 1041 1855 aqua
1058 1796 1157 1856 splen¬

168 1837 261 1897 deatut
278 1843 389 1903 ignis,
406 1846 568 1906 propriè
591 1846 853 1906 carbunculus
876 1846 945 1906 dici
963 1847 1148 1907 meretur,

162 1891 319 1951 Graeceque
343 1897 549 1957 Pyropus.
574 1898 635 1958 alii
665 1900 798 1960 autem
823 1900 944 1960 instar
968 1901 1150 1961 foeminae

165 1938 259 1998 sunt.*
276 1945 375 2005 Vires
404 1951 639 2011 carbunculi
656 1951 767 2011 sunt,
778 1951 966 2011 libidines
989 1953 1141 2013 coërce¬

158 1994 188 2054 E
206 1999 405 2059 pestilentiae
417 2005 611 2065 resistere:
623 2005 713 2065 idque
725 2005 894 2065 maximè
912 2005 1039 2065 epoti:
1045 2006 1159 2066 inco¬

151 2048 222 2108 lumè
240 2052 364 2112 corpus
388 2056 542 2116 servare,
559 2057 673 2117 malas
696 2057 838 2117 auferre
862 2059 1146 2119 cogitationes:

156 2100 222 2160 nam
234 2104 300 2164 haec
324 2107 462 2167 omnia
493 2110 570 2170 hoc
589 2111 666 2171 ipso
690 2111 895 2171 constant,
913 2112 1027 2172 quod
1045 2113 1141 2173 vita¬

161 2152 1170 2211 leni spiritum confirmet. Ex secundis viribus est;
151 2202 1170 2262 ut promptum & alacrem faciat hominem, atque
157 2258 836 2334 ideo bene fortunatum. Cardanus.
185 2314 1170 2368 GIANATUS, Germ. Ein Granat. Ital. Granato
151 2356 1170 2429 dictus est, quòd fulgeat, similisque sit grano mali
153 2424 1170 2482 punici. Duae species mihi notae: Hispanus & O¬
146 2480 1132 2548 tientalis. Hispanus dilutioris est coloris: attamen
145 2523 1170 2581 si magnus sit, & egregius, flammam coruscan¬
131 2571 1128 2654 tem aemulat ur. Sine dubio collo suspensus, & e¬
136 2629 1170 2688 bibitus, etiam tristitiae multum resistit, si quid
130 2690 1170 2742 aliud. Sed somnum valde minuit, ut nil sit ex
139 2741 1133 2817 quaque parte beatum. Est enim terreae, igneaeque
138 2791 343 2851 substantiae.
349 2794 376 2854 *
397 2795 478 2855 Cor
494 2798 743 2858 confirmat,
765 2798 803 2858 &
819 2800 1057 2860 tantundem
1078 2800 1137 2860 ce¬

143 2843 236 2903 tebro
253 2846 378 2906 nocet.
388 2849 482 2909 Facit
498 2851 706 2911 hominem
722 2852 982 2912 iracundum,
1003 2852 1040 2912 &
1056 2851 1138 2911 san¬

145 2896 277 2956 guinem
303 2902 487 2962 exagitat.
512 2905 621 2965 Quae
633 2906 722 2966 verò
747 2906 786 2966 in
804 2906 1008 2966 Aethiopia
1027 2906 1134 2966 inve¬

136 2947 233 3007 nitut,
245 2953 486 3013 Sorianamque
498 2956 643 3016 vocant
667 2957 896 3017 Gemmarii,
908 2958 1029 3018 longè
1046 2960 1131 3020 pul¬

142 3002 256 3062 chnor
273 3004 341 3064 est?
358 3008 546 3068 quoniam
563 3011 785 3071 densiorem
808 3012 928 3072 habet
950 3011 1126 3071 substan¬

140 3053 235 3113 tiam,
240 3056 282 3116 ad
300 3059 573 3119 hyacinthique
596 3062 774 3122 colorem
792 3064 958 3124 accedit,
975 3064 1076 3124 adeò
1100 3065 1141 3125 ut

142 3106 177 3166 ab
194 3106 241 3166 illa
259 3108 311 3168 vix
328 3112 597 3172 distinguatur.
621 3116 755 3176 verùm
772 3116 854 3176 non
877 3118 1070 3178 coruscat,
1088 3118 1128 3178 ut

140 3159 257 3219 prima.
270 3161 351 3221 idco
370 3164 457 3224 neque
469 3166 513 3226 ad
531 3167 637 3227 itam,
649 3169 743 3229 neque
755 3169 799 3229 ad
817 3170 967 3230 vigilias
985 3169 1029 3229 ita
1054 3167 1128 3227 ho¬

143 3212 267 3272 minem
284 3217 450 3277 pronum
468 3219 597 3279 efficit,
609 3220 644 3280 ut
662 3221 780 3281 prima
804 3223 946 3283 species
969 3223 1040 3283 Sed
1063 3224 1134 3284 nec

145 3268 332 3328 exhilarare
351 3272 493 3332 tantum
513 3275 654 3335 potest.
668 3278 867 3338 Existimant
887 3277 1125 3337 Occidenta¬

1191 72 2216 105 [A] les, ignibus diu resistere, nec deturbari. Cardanus.
1292 109 2271 185 SARDA nomen cum sardonyche communi¬
1231 163 1354 223 cavit.
1367 164 1438 224 Ipsa
1458 166 1613 226 gemma
1633 167 1820 227 vulgaris,
1834 169 1872 229 &
1885 170 2061 230 primùm
2080 175 2261 235 Sardibus

1232 217 1401 277 reperta.
1412 218 1484 278 Sed
1502 219 1767 279 laudatissima
1784 221 1881 281 circa
1899 224 2145 284 Babyloniam,
2163 229 2253 289 cùm

1237 268 1460 328 lapidicinae
1485 271 1671 331 quaedam
1689 274 1950 334 aperirentur,
1963 277 2111 337 haerens
2130 280 2161 340 in
2179 281 2260 341 saxi

1233 320 1369 380 corde.
1393 323 1541 383 Hocque
1553 325 1683 385 modo
1700 326 1901 386 metallum
1919 328 2026 388 apud
2049 331 2167 391 Persas
2192 334 2262 394 de¬

1230 374 1362 434 fecisse
1386 376 1572 436 traditur.
1596 378 1674 438 Sed
1697 380 1955 440 inveniuntur
1985 383 2254 443 compluribus

1238 424 1313 484 aliis
1331 427 1437 487 locis,
1449 429 1543 489 sicut
1555 430 1593 490 in
1611 431 1767 491 Ephyra
1792 433 1823 493 &
1842 434 1948 494 Asso.
1954 434 1991 494 In
2010 436 2116 496 India
2141 437 2252 497 trium

1230 481 1435 541 generum,
1453 482 1587 542 rubrum,
1599 484 1640 544 &
1652 484 1763 544 quod
1781 485 1956 545 demium
1968 487 2115 547 vocant
2133 489 2150 549 à
2168 491 2255 551 pin¬

1226 535 1422 595 guedine:
1441 536 1612 596 tertium,
1631 538 1735 598 quod
1754 538 1950 598 argenteis
1969 541 2128 601 bracteis
2146 542 2257 602 subli¬

1178 605 2266 644 [B] nitur. Indicae perlucent, crassiores sunt Arabicae.
1214 643 2250 696 Inveniuntur & circa Leucada Epiri, & circa Ae¬
1222 696 2269 771 gyptum, quae bractea aurea sublinuntur. Et in
1222 747 2268 825 his autem mares excitatiùs fulgent. Foeminae pin¬
1215 797 2256 864 guiores sunt, & crassiùs nitent. Nec fuit alia gem¬
1220 855 2248 919 ma apud antiquos usu frequentior. * Gestata a¬
1229 904 2257 975 nimum exhilarat, somnia mala prohibet, inge¬
1229 958 2262 1033 nium acuit, sanguinem & bilem compescit. Un¬
1221 1012 2252 1064 de ex his fit, ut victores reddat in litibus, & divi¬
1227 1067 1801 1143 tias augeat. Plin. Cardanus.
1389 1106 2086 1213 De gemmis frigidis in quarto.
1273 1189 2260 1276 ADAMAS. Germ. Adamant. Ital. & Hisp. Dia¬
1209 1258 2263 1341 mante. Gall. Diamant. Arab. Almatz. Ab indigenis
1224 1321 2260 1382 ubi nascitur, Iraa: in Malayo, ubi etiam inveni¬
1223 1368 2252 1433 tur, Itam. Caeterùm tribus aut quatuor locis in¬
1222 1419 2250 1480 veniuntur Adamantes, videlicet in Bisnager pro¬
1213 1477 2254 1552 vincia, duabus vel tribus rupibus Magnum quę¬
1226 1525 2252 1598 stum adferunt hae fodinae illius provinciae Regi,
1222 1581 2250 1634 magnaque sunt ejus jura. Nam quemadmodum
1170 1631 2243 1687 [D] in Hispaniis Rex in Thynnorum captura sua ha¬
1216 1684 1282 1744 bet
1301 1684 1405 1744 jura,
1423 1684 1472 1744 ita
1491 1685 1528 1745 ut
1546 1685 1570 1745 si
1589 1685 1717 1745 unicus
1742 1687 1931 1747 Thynnus
1950 1690 2140 1750 campiatur,
2152 1691 2244 1751 Regi

1219 1736 1333 1796 cedat
1350 1738 1530 1798 oportet.
1541 1738 1595 1798 Sic
1612 1739 1649 1799 in
1667 1739 1720 1799 his
1738 1739 1893 1799 fodinis
1917 1739 2049 1799 magni
2066 1741 2149 1801 sunt
2168 1741 2245 1801 Re¬

1210 1786 1265 1846 gis
1281 1789 1446 1849 reditus.
1474 1792 1583 1852 Nam
1605 1792 1814 1852 quotquot
1830 1793 2072 1853 Adamantes
2089 1793 2242 1853 inveni¬

1212 1843 1350 1903 untur,
1361 1843 1457 1903 duas
1473 1844 1681 1904 drachmas
1702 1846 1953 1906 excedentes,
1963 1847 2059 1907 Regi
2081 1849 2246 1909 cedunt.

1224 1895 1400 1955 Praeterea
1424 1897 1710 1957 diligentissimè
1728 1898 1952 1958 observantur
1971 1900 2098 1960 operae
2122 1900 2239 1960 Quo¬

1220 1947 1326 2007 niam
1343 1948 1371 2008 si
1394 1949 1478 2009 quis
1494 1949 1657 2009 unicum
1679 1951 1948 2011 Adamantem
1976 1952 2161 2012 sustulisse
2178 1954 2245 2014 de¬

1214 2002 1501 2062 praehendatur,
1513 2003 1611 2063 illico
1634 2003 1703 2063 ipse
1726 2004 1812 2064 cum
1829 2005 2014 2065 omnibus
2036 2006 2244 2066 facultati¬

1217 2054 1287 2114 bus
1304 2055 1421 2115 Regis
1438 2056 1526 2116 fisco
1544 2057 1754 2117 addicitur.
1795 2057 1877 2117 Alia
1900 2057 1947 2117 est
1964 2058 2081 2118 rupes
2104 2059 2133 2119 in
2157 2059 2244 2119 De¬

1218 2107 1305 2167 can;
1327 2107 1403 2167 non
1426 2108 1562 2168 procul
1584 2108 1622 2168 ab
1644 2110 1786 2170 ditione
1807 2111 2009 2171 Imadixa,
2026 2111 2146 2171 quem
2163 2113 2239 2173 nos

1170 2156 2235 2218 [E] Madre Maluco nuncupamus. Alia quaedam ru¬
1170 2208 2249 2272 pes est in dominio cujusdam Reguli indigenae,
1209 2279 2237 2341 in qua praestantissimi Adamantes inveniuntur,
1170 2341 2241 2371 sed minores. Isti à vulgo de Rupe veteri cogno¬
1170 2362 2253 2434 men sortiuntur: & venum exportantur in urbem
1170 2424 2240 2484 quandam regionis Decam, Lispor nuncupatam,
1208 2477 2246 2540 ubi cenlebris est mercatus. Istic emtos Guzaraten
1170 2525 2240 2583 ses huc nobis adferunt emendos. Sed etiam in
1199 2580 2234 2640 Bisnager deferunt, magnitudine precii eos invi¬
1170 2627 2239 2695 tante. Nam magno apud eos habentur in precio
1170 2685 2235 2750 [F] Adamantes de Rupeveteri cognominati, prae¬
1203 2739 2231 2802 sertim quos natura ipsa elaboravit. Naifes ab
1197 2795 1351 2855 incolis
1374 2797 1643 2857 appellantur.
1665 2795 1768 2855 Nani
1785 2794 2151 2854 quemadmodum,
2168 2795 2230 2855 in¬

1207 2848 1361 2908 quiunt,
1379 2849 1481 2909 virgo
1509 2848 1743 2908 praeferenda
1766 2848 1812 2908 est
1823 2848 1869 2908 iam
1880 2847 2074 2907 corruptae
2091 2848 2229 2908 mulie¬

1200 2902 1248 2962 ri,
1259 2902 1302 2962 sic
1323 2903 1399 2963 etiam
1409 2903 1581 2963 Adamas
1602 2902 1613 2962 à
1635 2902 1768 2962 natuta
1789 2900 2025 2960 elaboratus,
2036 2900 2240 2960 pręferen¬

1199 2953 1271 3013 dus
1287 2954 1331 3014 est
1353 2956 1408 3016 ei.
1430 2956 1546 3016 quem
1562 2954 1777 3014 hominum
1804 2953 1996 3013 industria
2019 2954 2233 3014 expolivit.

1197 3007 1348 3067 Contra
1365 3008 1624 3068 sentientibus
1641 3007 1855 3067 Lusitanis,
1866 3007 1934 3067 qui
1945 3007 2130 3067 industria
2153 3008 2225 3068 ho¬

1203 3058 1356 3118 minum
1380 3059 1575 3119 expolitos
1592 3059 1710 3119 longè
1741 3059 1853 3119 plutis
1876 3058 2071 3118 aestimare
2095 3060 2242 3120 solent.

1206 3112 1282 3172 Alia
1304 3113 1347 3173 est
1369 3113 1483 3173 tupes
1506 3113 1554 3173 ad
1565 3112 1712 3172 fretum
1734 3112 1886 3172 Tamam
1902 3111 1941 3171 in
1957 3111 2120 3171 Malacae
2142 3112 2223 3172 tra¬

1194 3165 1291 3225 ctu.
1308 3166 1394 3226 quae
1416 3166 1530 3226 etiam
1554 3166 1605 3226 de
1634 3166 1742 3226 Rupe
1765 3164 1885 3224 veteri
1908 3163 2221 3223 cognominatos

1202 3218 1365 3278 profert.
1377 3218 1518 3278 Exigui
1535 3218 1698 3278 quidem
1721 3217 1817 3277 sunt,
1833 3215 1896 3275 sed
1912 3215 2088 3275 laudati:
2099 3214 2234 3274 unum

1195 3272 1329 3332 tamen
1349 3274 1490 3334 habent
1510 3274 1658 3334 vitium,
1665 3274 1778 3334 quòd
1799 3272 2013 3332 ponderosi
2033 3271 2121 3331 sint,
2134 3269 2214 3329 quo
