2479 3508
305 37 400 97 63

864 23 1292 83 Antidotarii
1327 19 1605 79 specialis
1650 19 1801 79 Lib.
1824 19 1870 79 I.

2201 19 2283 79 64

295 104 456 164 nomine
481 100 667 160 gratiores
683 98 764 158 sunt
788 95 1086 155 venditoribus,
1102 91 1223 151 quàm
1240 87 1320 147 em¬

298 158 459 218 toribus.
471 154 602 214 Refert
614 151 776 211 Plinius,
789 150 819 210 &
832 149 870 209 in
894 148 1025 208 Arabia
1049 146 1161 206 nasci.
1174 145 1310 205 Verùm

299 210 341 270 id
358 209 423 269 nec
442 208 590 268 videre,
602 206 673 266 nec
691 205 821 265 audire
845 202 934 262 mihi
952 200 1071 260 licuit:
1089 197 1314 257 quemadmo¬

285 262 399 322 dum
417 262 489 322 nec
507 262 543 322 in
561 260 723 320 Cypro,
735 258 807 318 nec
824 257 867 317 in
891 253 1148 313 Macedonia.
1185 250 1328 310 Scribit

294 314 511 374 Franciscus
535 312 576 372 de
599 310 770 370 Tamara,
781 309 811 369 in
834 308 922 368 Peru
946 305 1187 365 Adamantes
1205 304 1323 364 repe¬

295 367 374 427 riri.
398 367 470 427 Sed
488 367 578 427 huic
596 364 753 424 authori
778 361 964 421 exiguam
982 358 1103 418 fidem
1127 356 1327 416 adhibeo.

299 418 399 478 Non
418 419 580 479 desunt,
605 418 674 478 qui
692 417 736 477 in
761 414 955 474 Hispaniis
980 411 1149 471 inveniri
1167 410 1324 470 putent,

297 473 479 533 quorum
496 470 678 530 opinioni
696 467 919 527 subscribere
942 466 1025 526 non
1042 463 1213 523 possum:
1230 461 1324 521 quo¬

294 526 406 586 niam
424 526 536 586 nullis
560 524 736 584 probatae
754 521 996 581 auctoritatis
1014 517 1232 577 scriptorib.
1250 514 1326 574 ful¬

294 578 432 638 ciatur.
460 577 724 637 Inveniuntur
741 575 805 635 hic
822 573 1012 633 avellanae
1035 570 1173 630 nucleo
1195 567 1316 627 inter¬

290 631 393 691 dum
412 629 596 689 majores.
608 629 749 689 Accepi
768 628 780 688 à
798 628 871 688 viro
890 626 969 686 fide
988 625 1110 685 digno
1135 621 1197 681 qui
1209 620 1221 680 a
1233 618 1319 678 ffir¬

298 682 447 742 maret,
470 683 498 743 se
527 682 791 742 Adamantem
815 679 946 739 vidisse
975 677 1009 737 in
1039 675 1216 735 Bisnager
1239 673 1325 733 ma¬

302 734 502 794 gnitudine
527 734 655 794 exigui
673 734 728 794 ovi
747 733 966 793 gallinacei.
979 730 1051 790 Sed
1069 728 1241 788 miraculi
1259 725 1314 785 in¬

297 787 369 847 star
388 788 425 848 id
449 787 541 847 mihi
559 787 717 847 videtur,
729 785 961 845 hujusmodi
979 781 1167 841 gemmas,
1180 778 1247 838 quę
1265 778 1320 838 al¬

298 839 444 899 tissimè
462 839 498 899 in
517 839 620 899 terrae
638 839 851 899 visceribus,
869 836 1046 896 multisque
1064 833 1168 893 annis
1192 832 1320 892 perfici

303 893 517 953 debebant,
523 893 560 953 in
577 893 732 953 summo
750 892 828 952 ferè
845 892 929 952 solo
947 889 1143 949 generari,
1162 886 1197 946 &
1215 884 1316 944 duo¬

298 946 388 1006 rum
401 946 596 1006 auttrium
609 946 803 1006 annorum
823 943 952 1003 spacio
979 941 1121 1001 perfici.
1134 940 1225 1000 Nam
1244 938 1271 998 si
1283 938 1322 998 in

289 997 372 1057 ipsa
390 998 549 1058 fodina,
561 998 638 1058 hoc
661 998 768 1058 anno
792 997 833 1057 ad
857 996 969 1056 cubiti
987 993 1235 1053 altitudinem
1259 991 1324 1051 fo¬

304 1050 401 1110 dias,
413 1052 647 1112 Adamantes
670 1051 848 1111 reperies.
859 1049 940 1109 Post
957 1046 1181 1106 biennium,
1198 1043 1318 1103 rursus

295 1102 370 1162 illic
393 1103 607 1163 excavato,
620 1102 770 1162 ibidem
788 1101 962 1161 invenies
979 1099 1240 1159 Adamantes.
1257 1096 1327 1156 Sed

302 1155 459 1215 certum
477 1156 524 1216 est
547 1156 716 1216 grandes
734 1156 810 1216 non
833 1154 898 1214 nisi
915 1153 973 1213 sub
997 1151 1126 1211 infima
1143 1150 1237 1210 rupe
1260 1148 1324 1208 na¬

299 1206 372 1266 sci.
400 1208 462 1268 Est
484 1208 579 1268 vero
602 1208 832 1268 Adamaniis
854 1207 961 1267 nitor
972 1205 1107 1265 vivax,
1124 1202 1332 1262 candidus,

294 1261 553 1321 nitidissimus
576 1262 611 1322 &
629 1261 870 1321 perspicuus,
888 1258 1064 1318 maximam
1082 1256 1194 1316 etiam
1212 1254 1329 1314 habet

307 1312 487 1372 duritiem
510 1313 545 1373 &
556 1315 713 1375 luminis
730 1313 887 1373 copiam
910 1312 1021 1372 Unde
1038 1308 1322 1368 efficacissimus

302 1365 366 1425 est,
378 1367 613 1427 quacunque
631 1367 767 1427 virtute
790 1365 972 1425 praeditus
996 1363 1055 1423 sit.
1072 1361 1325 1421 Confricatus

312 1420 440 1480 paleas
457 1421 597 1481 trahit,
608 1420 824 1480 valenterque
841 1418 911 1478 pro
928 1415 1195 1475 magnitudine
1219 1413 1323 1473 coër¬

304 1472 359 1532 cet
381 1471 602 1531 nocturnos
618 1471 794 1531 timores:
811 1469 926 1529 quare
948 1469 1091 1529 necesse
1113 1468 1180 1528 est,
1196 1467 1234 1527 ut
1251 1466 1333 1526 me¬

300 1523 553 1583 lancholiam
576 1523 610 1583 &
621 1523 748 1583 atram
759 1523 880 1583 bilem
897 1522 1012 1582 sistat,
1024 1519 1242 1579 animamque
1260 1517 1328 1577 con¬

296 1574 442 1634 firmet.
453 1576 509 1636 Est
531 1576 571 1636 ex
594 1577 633 1637 eo
649 1577 807 1637 vitiosus
830 1576 953 1636 ruber,
964 1575 998 1635 &
1009 1573 1132 1633 rarus:
1144 1571 1250 1631 citrei
1267 1570 1329 1630 ve¬

301 1627 350 1687 rò
372 1628 514 1688 coloris
530 1628 715 1688 frequens
742 1628 781 1688 ac
797 1628 938 1688 durus,
954 1628 1020 1688 qui
1041 1626 1216 1686 animum
1237 1624 1325 1684 non

295 1678 1338 1744 adeò reddit purum. Verisimile autem ex hoc a¬
300 1733 1338 1798 gere, mutando vitalem spiritum. nam terrores in
308 1795 1323 1848 corde fiunt: indicio est cordis palpitatio in timo¬
306 1840 358 1900 re.
376 1840 574 1900 Frangitur
592 1841 738 1901 malleis
756 1840 826 1900 etiam
843 1840 966 1900 parvis
983 1837 1153 1897 faciliter,
1165 1835 1223 1895 sed
1241 1834 1322 1894 non

305 1891 471 1951 tingitur
495 1892 563 1952 nisi
582 1892 643 1952 sua
662 1892 797 1952 scobe:
816 1891 890 1951 qua
908 1891 1019 1951 etiam
1038 1889 1210 1949 expoliri
1223 1889 1333 1949 solet.

304 1943 391 2003 Ejus
416 1943 544 2003 autem
568 1945 785 2005 fragmenta
814 1945 860 2005 ob
878 1943 1060 2003 duritiem
1083 1941 1265 2001 gemmas
1282 1939 1323 1999 o¬

298 1996 413 2056 mnes
430 1996 627 2056 incidunt.
638 1997 743 2057 unde
765 1997 825 2057 qui
841 1996 1017 2056 gemmas
1039 1996 1187 2056 caeiant,
1193 1993 1258 2053 illis
1275 1993 1329 2053 u¬

305 2048 459 2108 tuntur,
476 2050 654 2110 postquam
665 2050 734 2110 aere
751 2051 785 2111 ac
808 2050 957 2110 smiride
986 2048 1158 2108 crassiore
1180 2045 1323 2105 Miner¬

307 2101 353 2161 va
370 2101 532 2161 figuram
562 2102 799 2162 effinxerint.
805 2102 823 2162 *
840 2102 1037 2162 Infelicem
1054 2101 1217 2161 creditur
1240 2098 1321 2158 effi¬

309 2152 393 2212 cere
411 2155 656 2215 gestantem.
680 2156 740 2216 Sic
764 2155 866 2215 enim
889 2155 938 2215 ad
955 2155 1129 2215 animum
1147 2153 1177 2213 se
1195 2153 1326 2213 habet,

293 2206 349 2266 ut
366 2206 429 2266 Sol
452 2207 492 2267 ad
509 2207 640 2267 oculum:
657 2209 714 2269 ille
731 2209 834 2269 enim
851 2209 982 2269 potius
1004 2207 1199 2267 obfuscat,
1210 2203 1323 2263 quàm

299 2260 465 2320 illustrat
482 2260 613 2320 visum.
624 2260 725 2320 Facit
737 2261 855 2321 etiam
867 2261 1133 2321 intrepidum.
1163 2259 1216 2319 At
1239 2256 1328 2316 nihil

312 2311 387 2371 est,
405 2312 516 2372 quod
534 2314 603 2374 nos
627 2314 750 2374 magis
773 2314 925 2374 securos
942 2313 1100 2373 reddat,
1117 2310 1321 2370 prudentia

310 2365 349 2425 &
360 2365 517 2425 timore.
528 2365 612 2425 ideo
629 2365 775 2425 timidis
791 2366 948 2426 melior.
965 2365 1032 2425 Sed
1054 2365 1149 2425 neque
1160 2363 1211 2423 his
1233 2361 1328 2421 con¬

299 2419 423 2479 venit,
434 2419 513 2479 cùm
536 2419 570 2479 ea
592 2419 716 2479 parte,
728 2419 796 2479 qua
819 2419 898 2479 non
915 2419 1096 2479 oportet,
1112 2416 1328 2476 quandoque

297 2470 473 2530 audaces
490 2471 632 2531 faciat;
643 2471 717 2531 qua
746 2471 842 2531 opus
864 2471 927 2531 est,
938 2470 1126 2530 timorem
1143 2468 1228 2528 non
1245 2466 1330 2526 adi¬

308 2524 401 2584 mat.
418 2524 494 2584 hoc
516 2524 620 2584 enim
636 2524 839 2584 discrimen
861 2524 910 2584 est
932 2522 1145 2582 affectuum
1162 2521 1321 2581 natura¬

298 2575 400 2635 lium
419 2575 454 2635 &
472 2575 514 2635 ex
533 2576 785 2636 philosophia
809 2576 1103 2636 acquisitorum,
1116 2575 1152 2635 &
1164 2575 1200 2635 vi
1218 2575 1338 2635 exter¬

300 2629 367 2689 na:
379 2629 496 2689 veluti
514 2629 699 2689 lapidum
717 2630 963 2690 gestatione.
993 2629 1153 2689 Ignibus
1177 2627 1239 2687 per
1257 2626 1318 2686 ali¬

311 2680 411 2740 quot
428 2683 505 2743 dies
528 2683 681 2743 resistit.
711 2681 887 2741 Cardanus
911 2681 946 2741 &
964 2681 1122 2741 Garcias.

574 2732 1065 2834 De gemmis amuletis.
357 2795 1323 2884 AMETHYSTUS (Germ. Amethyst) ejusdem
301 2861 1326 2945 ferè molliciei est cum crystallo. simulque saepe
310 2934 1327 3005 unà invenitur: albusque à crystallo vix discerni
303 2984 1334 3055 potest, colore violae purpureae, visuique gratus.
294 3034 1324 3095 Indicus praefertur.* Efficit sedatum, vigilantem.
292 3084 1338 3153 Ebrietatem reptimere, alligatum super umbili¬
299 3140 1337 3224 cum, testantur: ad pugnas quoque & venationes
304 3198 1330 3256 utilem esse. acuit ingenium, & somnum minuit:
301 3242 1334 3313 vapores enim à capite arcet. lotio ejus foecundos
296 3300 1282 3387 efficit: & venenis resistere creditur. Cardanus.
1493 53 2194 180 [A] De lapidibus preciosis alterantibus
1693 149 2095 246 qualitate occulta.
1445 205 2308 291 TRADUNT seduli rerum naturalium indaga¬
1400 288 2305 346 tores, coacervari vermes in involucris intestino¬
1384 338 2313 406 rum cervi, & serpentium esu necari, quos spiritu
1387 400 2321 458 narium ex cavernis elicit. Ne verò illorum virus
1397 448 2318 511 ei obsit, ad fontes aquarum properat, in quibus
1396 504 2327 562 dum ad labra usque mergitur, ex oculis lentae stil¬
1387 549 2326 618 lant lachrymae, quae viscedine sua in majoribus
1386 613 2338 684 [B] canthis ad nucis juglandis magnitudinem con¬
1398 654 2332 716 crescunt, & quodam modo lapidescunt. Ubi ve¬
1396 702 2332 779 rò sese veneno exoneratum sentit, aqua egres¬
1385 761 2339 825 sus, attritu oculorum ad arbores, tophum illum,
1396 824 2351 882 visus obstaculum (lapidem, si placet, appella) ex¬
1384 867 2352 928 cutit: quem efficacissimum esse adjersus vene¬
1394 923 2354 989 na, testes sunt magnae authotitatis & antiquita¬
1397 973 2354 1042 tis Medici quamplurimi. Talem gloriantur se vi¬
1395 1036 2363 1087 disse Iulius Scaliger, & Amatus Lusitanus: tra¬
1404 1077 2372 1138 duntque, peste correptis efficaciter dari cum vini
1398 1137 2377 1195 [C] momento. Nam tantus illius vi & pręsidio cietur
1398 1182 2387 1255 sudor, ut penè totum corpus eliquari credas: quo
1389 1243 2375 1304 uno pestilens virus foras truditur. Lapidem hunc
1400 1300 2339 1358 Arabes BEZOARTICUM vocant. Mizaldus.
1450 1346 2399 1414 A lapide BEZAR nomen invenerunt medi¬
1395 1398 2397 1459 camenta venenis resistentia, quae per excellen¬
1397 1454 2407 1514 tiam Bezardica dicuntur. Est enim hic lapis exi¬
1400 1502 2412 1564 miae adversus venena facultatis: nasciturque hoc
1403 1557 2418 1627 modo: Est in Corasone, & Persia hirci quoddam
1405 1608 2412 1681 genus, quod Pazam lingua Persica vocant, rufi
1338 1664 2420 1740 [D] aut alterius toloris (ego rufum, & praegrandem
1338 1727 2425 1763 Goaevidi) mediocri altitudine, in cujus ventricu¬
1399 1767 2424 1829 lo fit hic lapis Bezar, circum tenuissimam quan¬
1403 1819 2440 1877 dam paleam semper augescens, & veluti multis
1408 1879 1425 1939 è
1441 1880 1575 1940 tunicis
1592 1879 1826 1939 contextus:
1843 1877 2077 1937 columellae,
2093 1877 2160 1937 aut
2171 1877 2327 1937 glandis
2355 1877 2439 1937 ple¬

1398 1933 1584 1993 runque,
1595 1933 1797 1993 interdum
1814 1931 1906 1991 alia,
1923 1931 1961 1991 &
1978 1931 2048 1991 alia
2065 1930 2213 1990 forma,
2224 1930 2328 1990 laevis
2350 1931 2437 1991 ma¬

1399 1982 1475 2042 gna
1499 1985 1534 2045 ex
1557 1987 1686 2047 parte,
1703 1987 1833 2047 colore
1862 1985 1979 2045 veluti
1996 1984 2038 2044 ex
2061 1982 2178 2042 viridi
2201 1982 2447 2042 nigricante.

1398 2039 1657 2099 Inveniuntur
1675 2038 1817 2098 exigui,
1828 2038 1858 2098 &
1876 2036 2012 2096 magni
2041 2036 2206 2096 Magni,
2224 2036 2294 2096 qui
2313 2036 2448 2096 rario¬

1401 2093 1456 2153 res
1473 2092 1574 2152 sunt,
1591 2092 1635 2152 ab
1652 2092 1786 2152 earum
1803 2090 2010 2150 regionum
2033 2089 2250 2149 illustribus
2273 2089 2362 2149 viris
2385 2088 2457 2148 ex¬

1403 2144 1609 2204 petuntur.
1627 2144 1721 2204 Quò
1744 2143 1845 2203 enim
1868 2143 2041 2203 majores
2064 2143 2182 2203 sunt,
2198 2142 2248 2202 eò
2265 2140 2484 2200 valentio¬

1401 2197 1448 2257 ris
1466 2197 1537 2257 esse
1555 2198 1750 2258 facultatis
1768 2197 1839 2257 sibi
1856 2196 2117 2256 persuadent.
2128 2194 2317 2254 Memini
2336 2194 2471 2254 unum

1396 2250 1585 2310 habuisse,
1603 2251 1663 2311 qui
1680 2250 1757 2310 ferè
1780 2249 1917 2309 quinque
1934 2248 2160 2308 drachmas
2177 2248 2414 2308 penderet.
2432 2248 2473 2308 Is

1385 2302 1425 2362 in
1443 2302 1653 2362 Lusitaniam
1664 2302 1839 2362 delatus,
1857 2302 1915 2362 vix
1939 2300 2154 2360 sexaginta
2178 2299 2376 2359 quatuor
2399 2299 2486 2359 Lu¬

1390 2357 1557 2417 sitanicis
1580 2357 1702 2417 aureis
1719 2356 1846 2416 vaenit,
1858 2355 1950 2415 cùm
1968 2354 2112 2414 tamen
2136 2351 2373 2411 aliquanto
2396 2350 2488 2410 plu¬

1387 2407 1434 2467 ris
1458 2408 1518 2468 hic
1535 2408 1660 2468 emius
1678 2407 1820 2467 fuisset.
1856 2407 1981 2467 Hunc
1998 2405 2099 2465 verò
2129 2404 2331 2464 lapidem
2355 2404 2396 2464 ea
2432 2404 2498 2464 ra¬

1397 2461 1503 2521 tione
1520 2461 1695 2521 generari
1717 2459 1835 2519 quam
1858 2458 1993 2518 modò
2009 2456 2274 2516 retulimus,
2296 2455 2398 2515 tum
2426 2455 2487 2515 his

1391 2512 1518 2572 oculis
1541 2513 1749 2573 observavi,
1772 2513 1968 2573 (lapidem
1991 2511 2112 2571 enim
2141 2509 2395 2569 contritum
2418 2506 2481 2566 hu

1396 2567 1583 2627 jusmodi
1600 2566 1759 2626 tenuem
1776 2566 1930 2626 paleam
1946 2565 1985 2625 in
2001 2564 2271 2624 meditullio
2298 2561 2490 2621 contine

1391 2618 1434 2678 re
1452 2618 1606 2678 inveni)
1625 2618 1705 2678 tum
1723 2618 1735 2678 à
1755 2618 1840 2678 viris
1859 2618 1940 2678 fide
1958 2618 2112 2678 dignis
2137 2617 2322 2677 accepi,
2346 2615 2488 2675 omne

1394 2671 1431 2731 in
1449 2671 1574 2731 Persia
1593 2672 1705 2732 natos
1723 2671 1835 2731 simili
1848 2671 1979 2731 modo
2003 2669 2178 2729 circum
2203 2668 2439 2728 paleolam

1385 2723 1588 2783 foimatos
1605 2725 1779 2785 inveniri.
1796 2724 1999 2784 Caeterùm
2022 2723 2129 2783 non
2152 2722 2309 2782 solum
2326 2722 2478 2782 gener

1396 2776 1454 2836 tur
1472 2777 1525 2837 hic
1549 2777 1643 2837 lapis
1660 2777 1701 2837 in
1719 2777 1859 2837 Persia,
1871 2777 1930 2837 sed
1948 2776 2089 2836 etiam
2106 2774 2371 2834 nonnullis
2395 2773 2488 2833 Mal

1396 2830 1447 2890 cae
1459 2830 1586 2890 locis,
1604 2831 1638 2891 &
1650 2831 1685 2891 in
1702 2831 1840 2891 insula,
1853 2830 1945 2890 quae
1968 2829 1985 2889 à
2008 2828 2182 2888 Vaceis
2205 2827 2402 2887 nomen
2425 2827 2495 2887 sui

1402 2882 1490 2942 psit,
1496 2884 1601 2944 haud
1619 2884 1790 2944 proculà
1813 2882 2148 2942 promontorio
2171 2879 2495 2939 Comorim.)

1401 2935 1491 2995 cùm
1508 2936 1540 2996 in
1556 2936 1745 2996 exercitus
1766 2935 1932 2995 annonam
1944 2933 2105 2993 macta
2121 2933 2293 2993 rentur
2314 2932 2491 2992 isticm

1396 2989 1425 3049 ti
1442 2989 1689 3049 praegrandes
1712 2988 1815 3048 hirci,
1821 2987 1856 3047 in
1873 2987 2028 3047 eorum
2045 2984 2355 3044 ventriculis
2384 2984 2494 3044 ma¬

1391 3041 1438 3101 ex
1462 3041 1561 3101 parte
1584 3041 1620 3101 hi
1632 3041 1779 3101 lapides
1796 3040 1937 3100 reperti
1955 3040 2089 3100 sunt.
2102 3038 2242 3098 Hinc
2260 3038 2471 3098 factum

1386 3094 1441 3154 ut
1463 3094 1664 3154 quotquot
1686 3094 1726 3154 ab
1742 3092 1787 3152 eo
1803 3092 1993 3152 tempore
2016 3091 2066 3151 in
2083 3091 2228 3151 hanc
2250 3091 2478 3151 insulam

1399 3147 1561 3207 pellunt,
1574 3146 1706 3206 hircos
1724 3146 1995 3206 obtruncent,
2019 3145 2308 3205 lapidesque
2333 3143 2392 3203 ex
2417 3143 2477 3203 iis

1392 3200 1497 3260 lant.
1515 3199 1662 3259 Verûm
1685 3197 1785 3257 nulli
1808 3196 1966 3256 Persicis
1996 3196 2254 3256 honitate
2289 3196 2495 3256 comp¬

1391 3253 1572 3313 possunt.
1601 3251 1741 3311 Dextri
1758 3250 1887 3310 autem
1904 3250 2027 3310 adeò
2056 3248 2178 3308 sunt
2202 3249 2470 3309 Maurita¬

1379 3308 1500 3368 facilè
1523 3310 1599 3370 qua
1622 3310 1660 3370 in
1683 3308 1851 3368 regione
1881 3307 1965 3367 nati
1995 3306 2109 3366 sint
2140 3305 2361 3365 singuli
2391 3305 2482 3365 lap

2417 3371 2471 3401 di
