2479 3508
175 49 251 80 65
789 42 1674 84 De Lapidibus preciosis
2194 48 2281 103 66
159 66 1198 152 dscernere & dijudicare possint. Ut verò adulte¬
167 147 250 207 nos
280 145 287 205 à
309 143 506 203 legitimis
528 142 784 202 dignoscant,
807 144 988 204 manibus
1010 146 1192 206 compri¬

154 197 280 257 munt,
287 196 433 256 deinde
454 196 587 256 spiritu
601 196 769 256 inflant.
789 196 894 256 Nam
915 197 943 257 si
957 197 1020 257 aër
1041 199 1180 259 aliquis

164 251 348 311 pemeat,
362 250 567 310 adulterini
587 250 744 310 indicium
758 250 820 310 est.
847 250 1031 310 Vocatur
1052 251 1181 311 autem

158 304 201 364 hic
216 304 318 364 lapis
347 304 478 364 Pazar,
493 304 507 364 à
529 303 668 363 Pazan,
675 302 718 362 id
741 302 799 362 est,
806 303 930 363 hirco,
945 304 1025 364 cùm
1047 304 1192 364 Arabi¬

163 358 234 418 bus,
247 357 332 417 tum
351 356 475 416 Persis
494 356 533 416 &
552 356 773 416 Corasonem
779 358 941 418 incolis:
954 358 1032 418 nos
1052 358 1187 418 corru¬

162 410 217 470 pto
238 410 417 470 nomine
438 409 583 469 Bezat,
597 409 721 469 atque
742 409 839 469 Indi
859 410 990 470 magis
1010 412 1197 472 corruptè

164 464 276 524 Baxar
305 461 537 521 appellant,
565 461 678 521 quasi
698 462 810 522 dicas
832 463 972 523 lapidem
987 463 1205 523 forensem.

177 526 1180 569 Nam Bazar eorum lingua forum sonat. Utuntur,
173 568 206 628 to
225 568 325 628 Indi,
338 568 417 628 nos
437 568 602 628 sequuti,
615 568 793 628 adversus
820 568 1011 628 deleteriae
1024 569 1197 629 faculta¬

177 638 1187 678 tis medicamenta. Ormutz verò & Corasone in¬
171 675 279 735 tolae,
303 674 363 734 non
381 673 513 733 modò
531 673 710 733 adversus
728 673 1022 733 virulentorum
1046 674 1196 734 anima¬

164 727 253 787 lium
272 725 438 785 morsus
457 725 643 785 utuntur,
661 725 725 785 sed
744 727 821 787 etiam
840 728 1025 788 adversus
1051 728 1190 788 omnes

170 778 453 838 melamncholicos
478 778 663 838 morbos.
688 779 953 839 Opulentiores
977 779 1033 839 bis
1052 780 1083 840 se
1107 781 1200 841 pur¬

169 832 248 892 gant
268 832 433 892 singulis
460 832 585 892 annis,
598 832 738 892 Martio
757 832 942 892 videlicet
962 833 1002 893 &
1015 834 1193 894 Septem¬

175 884 235 944 bri.
250 884 276 944 A
310 884 582 944 purgatione,
595 884 738 944 quinque
751 886 1090 946 subsequentibus
1111 886 1192 946 die¬

175 937 229 997 bus
246 937 426 997 continuis
450 937 635 997 hauriunt
653 937 689 997 in
707 938 881 998 singulas
898 940 1036 1000 doses,
1054 940 1191 1000 decem

174 991 265 1051 hujus
285 989 441 1049 lapidis
460 989 597 1049 grana,
610 991 806 1051 macerata
825 991 864 1051 in
877 991 1066 1051 stillatitio
1085 992 1197 1052 rosa¬

173 1043 241 1103 rum
259 1042 441 1102 liquore.
465 1043 567 1103 Hoc
590 1043 768 1103 remedio
785 1045 990 1105 inventam
1014 1045 1048 1105 &
1065 1043 1190 1103 mem¬

174 1096 311 1156 brorum
337 1096 462 1156 robur
480 1096 549 1156 sibi
569 1096 794 1156 conservari
813 1097 970 1157 dicunt.
982 1096 1119 1156 Solent
1139 1096 1195 1156 in¬

174 1117 1212 1205 terdum nonnulli ad triginta usque grana sume¬
166 1196 1222 1253 re, nimis sanè magna quantitate. Nam tametsi
193 1274 1186 1312 nullas noxias facultates in se contineat hic lapis,
187 1306 432 1366 tuiortamen
452 1306 498 1366 est
518 1306 604 1366 ejus
624 1307 763 1367 exigua
783 1307 996 1367 quantitas.
1015 1309 1142 1369 Atque
1161 1312 1202 1372 e¬

186 1360 233 1420 tam
246 1360 340 1420 parva
367 1360 602 1420 quantitate
622 1360 796 1420 exhibere
816 1361 944 1421 solent
964 1361 998 1421 in
1018 1361 1199 1421 Ormurz:

202 1426 1187 1469 nec sine periculo liberalius sumi dicunt. Eo utor
184 1461 1222 1519 in inveteratis morbis melancholicis, veluti in
204 1515 276 1575 mala
290 1519 427 1579 scabie,
434 1520 560 1580 lepta,
573 1520 856 1580 pruriginibus,
869 1519 1197 1579 impetiginibus¬

218 1587 1208 1655 que. Hac etiam ratione quartanis convenire pos¬
220 1635 1191 1677 se arbitror. Viros sanè planè deploratos, atque
228 1690 1187 1736 a Medicis derelictos, hujus lapidis usu pristinae
210 1725 316 1785 lianuu
330 1731 547 1791 restituto;
568 1733 673 1793 fuisse
687 1733 898 1793 intelligo.
919 1730 1046 1790 Porrò
1067 1730 1193 1790 pulvis

210 1777 263 1837 tus
277 1782 418 1842 vulneri
432 1786 675 1846 impositus,
688 1786 695 1846 à
715 1783 931 1843 motuferis
951 1783 1193 1843 animalibus

199 1829 276 1889 idos
288 1835 441 1895 liberat.
467 1837 518 1897 Iis
531 1838 620 1898 dem
633 1837 786 1897 viribus
805 1835 945 1895 pollet,
958 1835 1098 1895 apertis
1117 1837 1200 1897 car¬

191 1886 344 1946 bunculis
368 1889 409 1949 in
433 1890 539 1950 Peste
562 1889 804 1949 impositus:
827 1888 974 1948 ctenim
992 1888 1192 1948 venenum

192 1935 308 1995 erugit.
321 1942 502 2002 Tabellae
521 1943 566 2003 ex
586 1943 631 2003 eo
657 1943 689 2003 &
708 1942 811 2002 aqua
831 1942 986 2002 rosacea
1012 1942 1199 2002 parantur

201 1986 246 2046 id
259 1992 362 2052 omne
389 1996 518 2056 genus
537 1995 693 2055 veneni.
706 1993 854 2053 Garzias
874 1991 906 2051 in
919 1993 1042 2053 Horio.

237 2047 518 2107 TOPASIUS,
539 2047 697 2107 (Geim.
704 2045 752 2105 cin
779 2045 910 2105 Topaß.
931 2045 1013 2105 Ital.
1027 2045 1212 2105 Topazvo.

208 2095 289 2155 Gall.
296 2099 444 2159 Topasse.
459 2101 570 2161 Hisp.
585 2099 763 2159 Toραzic.)
786 2098 904 2158 genma
927 2098 971 2158 est
986 2098 1112 2158 viridis
1134 2100 1200 2160 co¬

189 2149 299 2209 loris,
311 2152 384 2212 qui
402 2153 494 2213 conte
518 2153 671 2213 medica
696 2152 867 2212 atritus.
886 2152 1008 2212 succum
1020 2152 1149 2212 reddit
1167 2153 1216 2213 ad

185 2201 353 2261 oculorum
365 2206 540 2266 morbos
565 2207 746 2267 apptimè
758 2206 933 2266 utilem,
946 2204 970 2264 si
989 2204 1033 2264 eo
1051 2204 1214 2264 illinan¬

184 2250 239 2310 tut
253 2254 315 2314 Ille
329 2259 440 2319 idem
454 2261 640 2321 hydropi
661 2258 896 2318 adversatur,
917 2257 952 2317 ac
972 2257 1207 2317 tabescenti¬

192 2306 252 2366 bus
271 2311 471 2371 medetur.
483 2314 696 2374 Expertum
720 2311 763 2371 est
781 2309 914 2369 nostro
933 2308 1133 2368 tempore,
1145 2309 1207 2369 ve¬

188 2360 260 2420 rum
281 2365 500 2425 Topasium
520 2366 561 2426 in
580 2365 727 2425 aquam
747 2362 967 2422 ferventem
994 2363 1213 2423 demissum,

185 2410 279 2470 illius
293 2415 435 2475 aestum
462 2417 503 2477 &
517 2417 713 2477 fervorem
734 2417 835 2477 adeò
863 2416 1154 2476 consopivisse,
1168 2417 1208 2477 ut

187 2465 308 2525 flatim
328 2470 470 2530 injecta
490 2471 612 2531 manu
632 2471 719 2531 hinc
739 2470 914 2530 abstrahi
927 2467 1102 2527 potuerit
1122 2467 1211 2527 abs¬

187 2516 259 2576 que
278 2520 351 2580 ulla
370 2524 548 2584 laesione.
561 2523 772 2583 Epiphanius
792 2522 831 2582 &
851 2521 1022 2581 Alberius

242 2578 463 2638 COLUBER
492 2578 692 2638 flaviatilis
714 2575 887 2635 funiculo
915 2573 921 2633 à
949 2573 1067 2633 cauda
1095 2573 1185 2633 pręli

177 2627 305 2687 gatus,
312 2628 355 2688 &
369 2630 590 2690 suspensus,
604 2629 775 2689 subjecto
796 2627 882 2687 vase
903 2626 1003 2686 aqua
1024 2626 1160 2686 pleno,
1167 2627 1202 2687 in

192 2676 262 2736 quo
281 2680 471 2740 dehiscat,
484 2683 642 2743 aliquot
661 2681 743 2741 pòst
762 2681 889 2741 horis,
902 2680 953 2740 vel
972 2680 1130 2740 diebus,
1143 2681 1212 2741 ore

185 2731 352 2791 lapidem
378 2734 533 2794 (Germ.
539 2734 826 2794 Schlangenstein
851 2732 1025 2792 vocatu)
1044 2734 1205 2794 eructat,

191 2780 257 2840 qui
276 2787 462 2847 exceptus
480 2789 576 2849 vase,
594 2789 708 2849 quod
725 2786 912 2846 subjacet,
924 2785 1050 2845 totam
1068 2785 1218 2845 aquam

188 2836 322 2896 ebibit.
343 2841 536 2901 Alligatur
556 2842 657 2902 lapis
677 2840 737 2900 hic
751 2838 1079 2898 hydropicorum
1093 2839 1219 2899 ventri

192 2888 307 2948 atque
325 2891 362 2951 in
380 2893 508 2953 totum
526 2894 714 2954 exhausta
733 2892 837 2952 aqua
855 2890 1007 2950 liberat.
1019 2890 1159 2950 Holler.

241 2945 495 3005 BUFONIUS
522 2948 649 3008 lapis,
662 2945 816 3005 (Germ.
823 2942 1064 3002 Krottenstein.
1084 2943 1204 3003 Gallis

187 2994 280 3054 verò
298 2999 521 3059 Crapaudine
546 2999 694 3059 dictus)
713 2998 775 3058 suo
800 2996 991 3056 contactu
1017 2996 1047 3056 &
1066 2996 1221 3056 blando

189 3047 316 3107 attritu
335 3050 570 3110 inflationes
596 3052 602 3112 à
628 3050 825 3110 venenatis
850 3049 971 3109 bessiis
990 3047 1117 3107 illatas
1136 3047 1212 3107 dis¬

195 3100 306 3160 cutit,
318 3102 353 3162 ac
371 3103 471 3163 virus
494 3103 618 3163 omne
635 3103 746 3163 elicit.
758 3101 869 3161 Unde
888 3101 911 3161 si
928 3101 1052 3161 sorex,
1064 3102 1216 3162 aranea,

186 3154 329 3214 vespae,
342 3155 532 3215 scarabei,
538 3155 669 3215 glires,
682 3155 741 3215 aut
760 3155 904 3215 animal
923 3154 1028 3214 aliud
1048 3154 1224 3214 venena¬

191 3208 276 3268 tum
300 3208 396 3268 parti
413 3208 522 3268 alicui
538 3209 731 3269 damnum
748 3209 948 3269 intulerit,
965 3208 1136 3268 admoto
1153 3206 1209 3266 la¬

193 3258 283 3318 pide
304 3260 381 3320 eo,
402 3263 513 3323 dolor
534 3265 714 3325 mitescit,
728 3264 770 3324 ac
791 3263 923 3323 tumor
944 3262 1069 3322 omnis
1090 3261 1208 3321 subsi¬

195 3314 272 3374 dit.
279 3314 479 3374 Lemnius.

1198 57 2298 156 [A] SMARAGDUS collo adalligatus epilepsiam
1266 138 2301 211 impedit: & quandoque penitùs curat. Hinc fit, ut
1261 200 2311 256 nobiles collo natorum suorum hunc lapidem
1263 249 2306 322 libenter appendant, ne epilepsia tententur. Idem
1269 307 2199 373 castum hominem reddit. Aristot. & Albert.
1289 338 2308 424 ALECTORIUS (Ger. Kappaunenstein) lapis ma¬
1273 410 2302 484 gnitudine fabae repertus in ventriculo decrepiti
1267 454 2304 527 galli, fertur reddere gestantem gratiosum, con¬
1235 513 2305 587 stantem & audacem: nec non ad Veneris tra¬
1270 564 2299 644 ctanda satra ad unguem factum. Idem sub lin¬
1235 652 2293 672 [B] gua detentus, sitim sedat, ut multis experimen¬
1260 671 2302 745 tis compertum est. Idem robur virile in geniali
1267 721 2285 789 thoro adauget, fortitudinemque, & in rebus ag¬
1268 780 2307 838 grediendis confidentiam adfert. Viris praeterea
1269 831 2311 885 favorem conciliat, & gestantes gratiosos reddit
1270 882 2055 959 apud mulicres. Lemnius & Albertus.
1314 920 2303 997 CHALCEDONIUS collo appensus, valere
1266 992 2311 1054 traditur contra illusiones & phantasmata ex
1265 1039 1970 1100 melancholia oborta. Albertus.
1319 1097 2300 1159 AMETHYSTUS contra ebrietatem valet, &
1212 1114 2303 1213 [C] Chelonites in corpore testudinis inventus, ad
1222 1203 2301 1266 divinationem, si sub lingua gestetur, praesertim
1235 1248 2316 1321 crescente Luna: nam alio tempore inefficax
1263 1303 1691 1375 censetur. Albertus.
1317 1319 2306 1431 SAPPHYRUS verus aqua frigida intinctus, &
1235 1406 2312 1473 oculo circumductus, sordes ex illo secum exclu¬
1222 1462 2305 1519 dit. Ad haec anthraces fugat, & loco dimovet.
1263 1512 2302 1578 Falsumque est omninò, quod expulso & extincto
1235 1567 2314 1647 uno anthrace, unà etiam virtutem omnem cum
1235 1615 2307 1677 perdat Sapphyrus. Nam vidi unum (in¬
1235 1670 2301 1737 [D] quit Albertus) qui quatuot annorum interjecto
1273 1727 1432 1787 spacio,
1443 1727 1543 1787 duos
1565 1727 1774 1787 anthraces
1790 1727 2010 1787 expulerat.
2021 1729 2208 1789 Albertus.

1334 1780 1643 1840 IASPIS(Galf.
1650 1780 1808 1840 Hispan.
1822 1780 1855 1840 &
1868 1780 1954 1840 Ital.
1967 1780 2079 1840 Iaspe)
2099 1780 2303 1840 sanguinis

1266 1832 1441 1892 fluorem
1458 1832 1638 1892 cohibet:
1655 1832 1774 1892 ajunt
1791 1832 1909 1892 etiam
1932 1832 2085 1892 partum
2101 1833 2254 1893 juvare,
2265 1834 2305 1894 ac

1279 1886 1462 1946 gestantem
1479 1885 1621 1945 castum
1638 1885 1815 1945 reddere,
1826 1885 1861 1945 &
1878 1886 1946 1946 cor
1963 1886 2191 1946 exhilarare.
2208 1884 2304 1944 Por¬

1275 1937 1325 1997 rò
1344 1937 1541 1997 invenitur
1559 1937 1718 1997 laspidis
1736 1937 1863 1997 genus
1895 1937 2040 1997 viride,
2059 1937 2097 1997 ex
2122 1937 2198 1997 quo
2217 1939 2305 1999 vasa

1278 1990 1486 2050 Murthina
1504 1990 1735 2050 conflantur
1760 1991 2021 2051 (Porcellanas
2045 1990 2181 2050 vocat)
2199 1990 2300 2050 adeò

1270 2042 1456 2102 virentia,
1474 2042 1514 2102 ut
1532 2042 1573 2102 ex
1590 2044 1812 2104 Smaragdo
1829 2044 2004 2104 conflata
2021 2044 2243 2104 videantur.
2255 2044 2301 2104 Ex

1288 2094 1371 2154 ejus
1389 2095 1490 2155 fortè
1508 2095 1650 2155 genere
1674 2096 1745 2156 erit
1769 2096 1811 2156 id
1828 2096 1941 2156 quod
1965 2096 2113 2156 Genuae
2131 2095 2303 2155 ostendi¬

1282 2147 1356 2207 tur,
1373 2147 1561 2207 quodque
1584 2147 1624 2207 ex
1647 2149 1864 2209 Smaragdo
1887 2150 1955 2210 esse
1973 2150 2247 2210 contendunt,
2258 2149 2315 2209 ra¬

1274 2201 1361 2261 riùs
1379 2201 1414 2261 id
1432 2201 1653 2261 videndum
1677 2200 1987 2260 proponentes,
2010 2201 2086 2261 quò
2110 2201 2302 2261 majorem

1287 2254 1572 2314 auctoritatem
1590 2254 1706 2314 lapidi
1723 2254 1957 2314 concilient.
1968 2254 2224 2314 Hujusmodi
2236 2255 2305 2315 vas

1277 2306 1535 2366 Murthinum
1559 2306 1787 2366 aliquando
1810 2306 1912 2366 mihi
1930 2306 2146 2366 propositum
2158 2308 2230 2368 fuit
2248 2308 2314 2368 ve¬

1289 2359 1378 2419 nale
1395 2359 1579 2419 ducentis
1602 2357 1804 2417 Pardaons
1833 2357 1910 2417 sive
1934 2357 2064 2417 aureis
2088 2359 2324 2419 Hispanicis:

1280 2410 1386 2470 cujus
1404 2410 1429 2470 si
1448 2410 1486 2470 ex
1504 2410 1728 2470 Smaragdo
1754 2411 1971 2471 conflatum
1990 2410 2134 2470 fuisset,
2146 2410 2307 2470 millesi¬

1277 2462 1386 2522 mam
1410 2464 1557 2524 partem
1588 2464 1630 2524 ex
1655 2464 1790 2524 precio
1820 2465 1875 2525 vix
1900 2465 2064 2525 nancisci
2089 2467 2316 2527 potuissem.

1284 2515 1438 2575 Garcias
1454 2516 1496 2576 ab
1512 2516 1619 2576 Horto
1640 2516 1682 2576 &
1698 2516 1889 2576 Albertus.

1338 2567 1457 2627 Lapis
1483 2569 1834 2629 NEPHRITIcus
1860 2569 1894 2629 in
1920 2569 2151 2629 Nephritide
2184 2567 2310 2627 maxi¬

1281 2620 1348 2680 mè
1366 2621 1416 2681 lai
1440 2621 1570 2681 datus,
1582 2621 1619 2681 ex
1643 2621 1742 2681 nova
1766 2620 1951 2680 Hispania
1969 2620 2160 2680 defertur.
2172 2622 2320 2682 Prassio

1290 2674 1421 2734 similis
1444 2675 1515 2735 est,
1533 2675 1599 2735 qui
1616 2675 1670 2735 ad
1694 2674 1860 2734 viridem
1878 2674 2056 2734 colorem
2074 2674 2205 2734 lacteo
2222 2674 2311 2734 per¬

1282 2728 1451 2788 mixtum
1468 2728 1609 2788 tendit,
1620 2726 1819 2786 praefertur
1836 2725 2017 2785 viridior.
2035 2725 2140 2785 Eum
2151 2727 2308 2787 gestant

1284 2779 1399 2839 variis
1417 2780 1557 2840 formis
1575 2779 1819 2839 effigiatum,
1837 2777 1873 2837 ut
1891 2777 2110 2837 antiquitùs
2128 2780 2348 2840 solebant.

1271 2833 1388 2893 Indi,
1405 2832 1505 2892 alios
1529 2831 1699 2891 piscium
1729 2830 1881 2890 forma,
1899 2830 1998 2890 alios
2022 2830 2151 2890 avium
2168 2831 2309 2891 capiti¬

1279 2885 1375 2945 bus,
1393 2885 1494 2945 aliòs
1512 2885 1668 2945 psittaci
1686 2884 1812 2944 rostris
1830 2882 1991 2942 similes,
2003 2882 2224 2942 nonnullos
2242 2885 2314 2945 ro¬

1283 2938 1436 2998 tundos
1453 2938 1737 2998 sphaerulatum
1754 2935 1907 2995 modo,
1929 2935 2050 2995 atque
2071 2936 2208 2996 omnes
2230 2938 2312 2998 per¬

1292 2992 1466 3052 foratos,
1477 2989 1669 3049 quoniam
1686 2989 1768 3049 Indi
1791 2989 1855 3049 eos
1873 2989 2070 3049 appensos
2088 2990 2233 3050 gestare
2251 2990 2314 3050 so¬

1286 3044 1428 3104 lebant
1446 3043 1629 3103 adversus
1646 3041 1924 3101 Nephritidis,
1936 3041 2007 3101 aut
2030 3041 2155 3101 stoma
2166 3042 2226 3102 chi
2243 3044 2320 3104 do¬

1269 3097 1394 3157 lores,
1406 3097 1442 3157 in
1460 3095 1609 3155 quibus
1633 3094 1782 3154 morbis
1805 3093 1913 3153 valdè
1937 3094 2211 3154 commendatur
2240 3097 2318 3157 Sed

1282 3148 1369 3208 ejus
1393 3148 1593 3208 praecipua
1611 3146 1699 3206 laus
1716 3146 1763 3206 est
1786 3146 1828 3206 ad
1851 3146 2109 3206 Nephriticos
2127 3148 2314 3208 dolores,

1290 3202 1330 3262 &
1347 3202 1393 3262 ad
1410 3201 1606 3261 calculum
1623 3199 1922 3259 expellendum,
1933 3197 1967 3257 &
1984 3197 2163 3257 arenulas
2191 3199 2323 3259 Nobi¬

1279 3253 1327 3313 lis
1351 3254 1448 3314 mihi
1460 3253 1599 3313 notus,
1611 3253 1695 3313 unum
1707 3251 1846 3311 habet,
1858 3251 1918 3311 cui
1936 3251 2057 3311 nullum
2069 3250 2184 3310 alium
2208 3251 2316 3311 com¬

1303 3310 1517 3370 parandum
1534 3310 1724 3370 vidi:nam
1742 3308 1831 3368 cum
1848 3307 2009 3367 brachio
2033 3307 2181 3367 gestans
2205 3308 2311 3368 tanta
