2479 3508
379 156 469 216 67

911 153 1309 213 Antidotani
1336 152 1607 212 specialis
1635 153 1777 213 Lib.
1806 155 1862 215 I.

2200 148 2267 208 68

369 228 1345 277 arenularum quantitate liberatur, ut, metuens
356 261 1332 329 ne cinoceat tanta ejectio, interdum cum depo¬
353 317 1332 392 nat, nullumque amplius calculum ejicit. Sed cùm
359 365 1345 430 dolor ejus premit, denuò eum gestat, & statim
364 421 1340 488 levatur, aut minuitur dolor, multarum arenula¬
371 464 1338 521 rum, atque etiam calculorum expulsione. Ea eriam
373 510 1342 577 occulta facultate praeditus est, ut ab ejusmodi
382 562 1341 623 dolore praeservet, gestatus, renum calorem mi¬
385 621 1337 672 tigando. Ducissa Beiarter brevi temporis inter¬
375 664 1358 726 vallo Nephriticis doloribus afflicta. armillam
376 710 1354 773 ex eo lapide sibi confecit, quam perpetuò ge¬
381 755 1333 823 stat: ex eo tempore (quod decennium superat)
371 818 1337 867 eo dolore nunquam vexata est. Alii multi sen¬
386 854 1341 912 serunt idem levamen, eamque ob causam magno
383 904 1354 969 in pretio sunt hujus modi lapides, nec. ut initio,
383 961 1356 1020 tam facilè adquiri possunt, quòd soli earum pro¬
380 1011 1358 1069 vinciarum reguli & domini eos possideant: nec
382 1050 1341 1105 immeritò, cùm tam admirandae sint illorum fa¬
376 1104 938 1163 cultates. Nicolaus Monardis.
431 1128 1349 1211 Lapis TIBURONUM. In mari Indico ferreis
380 1193 1358 1266 hamis capiuntur pisces Tiburones dicti, maxi¬
371 1244 1349 1310 mi, validissimi, pugnacissimi, & truci aspectu,
389 1298 1353 1358 qui eum lupis marinis assiduè pręliantur. In co¬
374 1352 1355 1402 rum capite terni, aut quaterni lapides, interdum
382 1400 1343 1460 plures inveniuntur, valde albi, magni, ponde¬
389 1438 1351 1506 rosique (ut interdum libras duas pendant) & qui
373 1493 1359 1536 facile abradi possunt. Hujus lapidis pulvis uti¬
384 1536 1351 1606 lissimus fertur nephriticis, & adversus urinę dif¬
378 1585 1347 1653 ficultates, & renum, vesicaeque calculos, ut in In¬
378 1644 1349 1696 dis, Hispanisque experientia comprobavit. eum
386 1686 1360 1763 gustatum. insipido esse gustu deprehendi: facul¬
390 1739 1089 1800 nates nondum expertus sum. Idem.
462 1794 1279 1876 De lapidibus minùs pretiosis: ac primò
752 1861 993 1943 de calidis.
431 1942 559 2002 Lapis
581 1940 859 2000 CAYMANUM.
882 1940 932 2000 Ex
954 1940 1104 2000 nomine
1133 1942 1227 2002 Dei,
1261 1943 1349 2003 Car¬

383 1990 557 2050 thagine,
568 1988 720 2048 aliisque
743 1988 968 2048 continentis
984 1988 1074 2048 oris,
1086 1990 1226 2050 lapides
1243 1991 1355 2051 inter¬

394 2038 485 2098 dum
508 2038 732 2098 adferuntur
760 2038 915 2098 calculis
938 2038 1184 2098 fluviatilibus
1207 2041 1361 2101 similes,

391 2086 466 2146 qui
487 2087 525 2147 in
552 2087 772 2147 ventriculis
799 2087 1078 2147 praegrandium
1110 2089 1357 2149 Lacertorum

403 2138 636 2198 (Caymanes
653 2138 858 2198 appellant)
869 2137 1119 2197 inveniuntur:
1137 2138 1353 2198 ferocissimi

382 2184 482 2244 sunt,
493 2187 637 2247 ingenti
654 2188 732 2248 ore,
743 2188 781 2248 ut
798 2186 986 2246 integrum
1003 2186 1203 2246 hominem
1225 2188 1352 2248 deglu¬

390 2234 463 2294 tire
479 2236 636 2296 possint,
647 2236 837 2296 multiplici
859 2236 988 2296 dentium
1004 2236 1149 2296 ordine,
1167 2236 1256 2296 adeò
1278 2237 1356 2297 ma¬

385 2285 470 2345 gni,
481 2285 514 2345 ut
531 2284 683 2344 triginta
700 2284 864 2344 duorum
881 2284 1022 2344 pedum
1039 2285 1282 2345 longitudine
1298 2284 1354 2344 in¬

384 2332 609 2392 veniantur.
637 2333 784 2393 Vivunt
800 2333 829 2393 ii
851 2333 987 2393 magna
1009 2333 1043 2393 ex
1060 2333 1162 2393 parte
1184 2333 1212 2393 in
1229 2334 1336 2394 flumi

378 2381 479 2441 num
495 2383 601 2443 ripis,
611 2383 898 2443 nonnunquam
914 2383 951 2443 in
967 2383 1078 2443 mari,
1094 2383 1137 2443 ad
1153 2383 1360 2443 fluviorum

391 2431 505 2491 ostia:
522 2431 668 2491 pariunt
690 2431 755 2491 ova
771 2431 804 2491 in
820 2431 928 2491 terra,
939 2431 972 2491 &
983 2431 1069 2491 suos
1092 2432 1233 2492 catulos
1249 2434 1352 2494 isthic

401 2480 621 2540 excludunt,
635 2479 864 2539 testudinum
884 2480 1004 2540 more:
1019 2480 1218 2540 capiuntur
1238 2482 1357 2542 hamis

395 2530 532 2590 ferreis.
543 2530 641 2590 Quia
659 2530 784 2590 eorum
807 2528 893 2588 cutis
916 2527 1082 2587 prędura,
1094 2530 1226 2590 omnes
1243 2533 1357 2593 ictus,

395 2576 508 2636 etiam
527 2578 725 2638 minorum
744 2578 1032 2638 tormentorum
1055 2578 1282 2638 aeneorum,
1296 2581 1357 2641 re¬

402 2624 507 2684 spuit.
518 2626 594 2686 Hos
618 2626 758 2686 lapides
782 2626 962 2686 colligunt
980 2626 1074 2686 Indi,
1085 2626 1120 2686 &
1131 2627 1295 2687 Hispani,
1307 2629 1359 2689 at¬

394 2675 469 2735 que
491 2675 593 2735 adeò
615 2674 680 2734 sibi
696 2674 863 2734 servant,
884 2674 927 2734 ad
943 2675 1132 2735 quartanam
1143 2677 1358 2737 tollendam

390 2722 482 2782 utile
503 2722 727 2782 remedium.
737 2723 933 2783 Siquidem
955 2723 1031 2783 bini
1047 2723 1080 2783 ex
1096 2723 1156 2783 eis,
1167 2725 1351 2785 tempori¬

392 2770 463 2830 bus
485 2772 655 2832 utrinque
671 2773 825 2833 alligati,
836 2771 869 2831 in
886 2771 1154 2831 quartanarum
1176 2773 1347 2833 paroxys¬

393 2818 487 2878 mo,
503 2820 581 2880 illas
597 2821 743 2881 tollere,
759 2821 817 2881 aut
837 2821 963 2881 earum
979 2821 1141 2881 calorem
1162 2822 1355 2882 manifestò

388 2869 592 2929 infringere
609 2870 818 2930 traduntur.
840 2870 899 2930 Bis
916 2870 1002 2930 eum
1018 2872 1184 2932 lapidem
1200 2872 1352 2932 tempo¬

386 2918 491 2978 ribus
518 2920 717 2980 cujusdam
733 2920 869 2980 puellae
885 2920 969 2980 quae
985 2920 1169 2980 quartana
1195 2920 1348 2980 labora¬

387 2968 480 3028 bat,
497 2968 672 3028 exhibui,
688 2968 727 3028 &
749 2968 842 3028 certè
863 2968 973 3028 febris
995 2968 1159 3028 talorem
1176 2969 1350 3029 nonnihil

375 3017 548 3077 remisisse
566 3016 844 3076 animadverti:
862 3016 902 3076 an
919 3017 1006 3077 verò
1023 3017 1163 3077 febiem
1186 3019 1342 3079 omninò

395 3067 520 3127 tollat,
531 3065 684 3125 ignoro.
701 3064 810 3124 Nicol.
821 3064 1007 3124 Monardis.

432 3115 541 3175 Lapis
565 3115 898 3175 SANGUINALIS
922 3115 952 3175 ex
977 3116 1068 3176 nova
1086 3116 1261 3176 Hispania
1286 3115 1352 3175 de¬

378 3166 493 3226 latus,
505 3166 663 3226 laspidis
681 3164 772 3224 gens
791 3164 845 3224 est,
864 3164 955 3224 varii
973 3165 1125 3225 coloris,
1137 3166 1192 3226 sed
1217 3166 1350 3226 obscu¬

377 3214 505 3274 tioris,
518 3217 685 3277 maculis,
697 3217 755 3277 seu
774 3217 889 3277 punctis
908 3217 1095 3277 distinctus
1114 3217 1350 3277 sanguineis.

1345 226 2292 275 [A] Ex his lapidib. Indi quasdam cordium formas,
1400 268 1582 328 magnas,
1593 269 1628 329 &
1640 268 1769 328 parvas
1786 264 2014 324 conficiunt.
2032 263 2119 323 Valet
2132 263 2167 323 ad
2172 264 2289 324 fluxum

1401 317 1591 377 sanguinis
1608 316 1777 376 narium,
1793 314 1995 374 mensium,
2006 313 2293 373 haemorhoidum,

1403 367 1615 427 vulnerum,
1627 368 1661 428 ac
1679 367 1765 427 pris.
1782 364 1966 424 Lapidem
1983 362 2069 422 aqua
2086 362 2189 422 frigida
2201 363 2293 423 intin¬

1405 415 1506 475 ctum
1529 415 1618 475 aeger
1635 415 1753 475 dextra
1776 413 2017 473 comprimit,
2034 412 2062 472 &
2079 412 2303 472 subindeidfa¬

1410 463 1465 523 cit.
1477 464 1527 524 Sic
1544 464 1589 524 eo
1600 464 1684 524 Indi
1701 464 1734 524 &
1745 463 1863 523 nostri
1874 461 2042 521 utuntur.
2065 460 2233 520 Persuasum
2250 461 2300 521 ha¬

1406 514 1490 574 bent
1508 514 1604 574 Indi,
1610 514 1689 574 imò
1707 512 1911 572 firmissimè
1929 511 2092 571 credunt,
2104 509 2122 569 si
2134 509 2188 569 hoc
2200 509 2302 569 lapide

1408 561 1488 621 pars
1511 562 1689 622 sanguine
1707 562 1861 622 manans
1884 560 2120 620 contingatur,
2132 560 2309 620 sanguinem

1403 610 1499 670 sisti,
1510 611 1595 671 idque
1611 611 1741 671 verum
1758 611 1820 671 esse
1843 610 2056 670 experientia
2080 610 2243 670 probatum
2260 610 2310 670 est.

1358 654 2320 732 Utilis etiam est suspensus, aut alligatus eidem
1350 712 1378 772 B
1418 710 1527 770 parti,
1538 709 1635 769 unde
1652 709 1801 769 sanguis
1818 709 1961 769 effluit,
1972 709 2086 769 modò
2103 707 2224 767 camem
2241 705 2320 765 con¬

1413 757 1546 817 tingat.
1557 757 1725 817 Vidimus
1741 758 1953 818 nonnullos
1970 757 2243 817 hęmothoidum
2260 754 2321 814 flu¬

1409 806 1455 866 xu
1472 808 1653 868 afflictos,
1664 808 1873 868 remedium
1896 807 2053 867 sensisse,
2065 806 2204 866 annulos
2221 806 2250 866 ex
2268 806 2326 866 hoc

1413 856 1534 916 lapide
1563 856 1765 916 confectos
1789 857 1823 917 in
1841 857 1956 917 digito
1979 856 2141 916 continuè
2158 855 2332 915 gestando:

1414 905 1476 965 nec
1498 905 1571 965 non
1592 905 1623 965 &
1639 905 1870 965 mensiruum
1886 905 2027 965 fluxum
2043 905 2111 965 sisti.
2122 904 2205 964 Idem.

1462 955 1802 1015 HAEMATITES,
1814 955 1943 1015 Germ.
1948 953 1993 1013 ein
2010 953 2150 1013 Blurstean
2167 953 2178 1013 /
2184 953 2329 1013 optimus

1415 1004 1579 1064 habetur
1596 1004 1766 1064 friabilis,
1777 1003 1942 1063 saturato
1965 1003 2101 1063 colore,
2112 1003 2215 1063 niger,
2231 1004 2350 1064 durus,

1418 1052 1456 1112 &
1472 1054 1599 1114 suapte
1626 1054 1752 1114 natura
1774 1054 1955 1114 aequalis,
1966 1054 2064 1114 nulla
2080 1052 2174 1112 sorde
2191 1054 2344 1114 admista,

1419 1102 1571 1162 nulloque
1582 1102 1734 1162 zonarum
1751 1103 1927 1163 discursu.
1943 1103 2028 1163 Vim
2045 1102 2147 1162 habet
2163 1100 2344 1160 astringen¬

1419 1153 1518 1213 tem,
1528 1151 1560 1211 &
1575 1151 1877 1211 excalfactoriam
1898 1151 2148 1211 aliquantum,
2164 1150 2346 1210 extenuan¬

1356 1203 1390 1263 C
1425 1202 1561 1262 temque.
1585 1201 1801 1261 Oculorum
1819 1201 2018 1261 cicatrices,
2029 1201 2058 1261 &
2070 1201 2258 1261 scabritiem
2275 1201 2349 1261 cum

1425 1250 1531 1310 melle
1548 1250 1706 1310 purgat:
1724 1250 1806 1310 cum
1818 1250 1911 1310 lacte
1935 1250 2052 1310 autem
2069 1250 2239 1310 muliebri,
2251 1249 2356 1309 lippi¬

1427 1300 1547 1360 tudini
1564 1300 1711 1360 fractis,
1727 1300 1760 1360 &
1777 1300 1897 1360 oculis
1919 1300 2039 1360 eruore
2060 1298 2186 1358 suffusis
2208 1297 2360 1357 convenit.

1416 1348 1559 1408 Bibitur
1581 1348 1707 1408 contra
1724 1349 1988 1409 difficultatem
2004 1349 2125 1409 urinae,
2136 1348 2164 1408 &
2180 1348 2356 1408 fluxiones

1410 1399 1631 1459 mulierum,
1637 1399 1671 1459 in
1688 1399 1790 1459 vino:
1807 1399 1847 1459 &
1859 1399 1898 1459 ab
1921 1399 1978 1459 iis,
1989 1399 2046 1459 qui
2063 1398 2268 1458 sanguinem
2285 1396 2371 1456 reje¬

1427 1448 1569 1508 cerunt,
1579 1448 1661 1508 cùm
1677 1448 1786 1508 sueco
1808 1448 1928 1508 punici
1944 1448 2048 1508 mali.
2075 1448 2195 1508 Untur
2211 1447 2243 1507 ut
2260 1446 2363 1506 Phiy¬

1419 1495 1520 1555 gius,
1531 1497 1598 1557 sine
1615 1498 1705 1558 vino
1722 1498 1924 1558 duntaxat.
1941 1497 2081 1557 Modus
2098 1496 2244 1556 ustionis
2266 1496 2322 1556 est,
2334 1496 2367 1556 ut

1421 1546 1570 1606 modicè
1587 1547 1679 1607 levis
1696 1547 1777 1607 fiat,
1788 1547 1823 1607 et
1840 1546 1949 1606 bullis
1972 1546 2196 1606 quibusdam
2207 1544 2368 1604 intume¬

1422 1597 1513 1657 scat.
1524 1596 1627 1656 Sunt,
1639 1595 1696 1655 qui
1719 1595 1794 1655 eum
1811 1595 1856 1655 sic
1873 1595 2091 1655 adulterinum
2097 1594 2251 1654 faciant.
2269 1595 2371 1655 Den¬

1419 1645 1501 1705 sam
1519 1645 1766 1705 rotundamque
1778 1646 1795 1706 S
1825 1646 1907 1706 histi
1925 1646 2054 1706 lapidis
2072 1645 2236 1705 glebam,
2248 1645 2371 1705 quales

1373 1697 1403 1757 D
1432 1696 1540 1756 sunt,
1552 1696 1641 1756 quae
1653 1696 1790 1756 radices
1820 1696 1892 1756 ejus
1915 1696 2172 1756 appellantur,
2184 1694 2213 1754 in
2232 1693 2380 1753 fictilem

1431 1744 1602 1804 utceum,
1618 1744 1682 1804 qui
1698 1744 1852 1804 cinerem
1874 1744 2077 1804 ferventem
2099 1744 2306 1804 contineat,
2317 1744 2386 1804 ob¬

1422 1792 1556 1852 ruunt.
1567 1792 1622 1852 ubi
1645 1792 1801 1852 paululum
1812 1793 2024 1853 dimiserint,
2035 1793 2388 1853 eximunt:attrituque

1437 1843 1475 1903 in
1490 1843 1577 1903 cote
1592 1843 1779 1903 probant,
1790 1843 1817 1903 si
1833 1843 2036 1903 haematitae
2052 1844 2223 1904 tolorem
2244 1841 2362 1901 duxit.
2373 1840 2394 1900 Ii

1438 1891 1486 1951 ita
1502 1891 1550 1951 sit,
1560 1891 1761 1951 reponunt:
1777 1892 1825 1952 sin
1841 1892 1979 1952 minus,
1995 1892 2127 1952 iterum
2143 1891 2175 1951 in
2191 1891 2313 1951 cinere
2334 1889 2397 1949 con¬

1438 1940 1548 2000 dent,
1560 1940 1595 2000 &
1613 1940 1770 2000 subinde
1787 1942 2045 2002 conspiciunt,
2068 1942 2102 2002 &
2121 1940 2330 2000 periculum
2348 1937 2406 1997 fa¬

1431 1990 1552 2050 ciunt.
1563 1988 1656 2048 nam
1677 1988 1700 2048 si
1716 1988 1853 2048 diutiàs
1875 1988 1913 2048 in
1935 1988 1979 2048 eo
2001 1988 2127 2048 cinere
2149 1991 2412 2051 relinquatur,

1441 2038 1609 2098 colorem
1626 2038 1762 2098 mutat,
1773 2038 1937 2098 moxque
1960 2038 2207 2098 diffunditur.
2242 2041 2416 2101 Vitiatus

1433 2087 1754 2147 deprehenditur,
1765 2087 1929 2147 primum
1946 2089 2081 2149 lineis,
2098 2089 2194 2149 quas
2217 2090 2419 2150 pectinum

1435 2137 1557 2197 modo
1580 2137 1636 2197 per
1653 2137 1938 2197 longitudinem
1955 2137 2089 2197 divisas
2106 2138 2251 2198 habet:
2268 2140 2425 2200 haema¬

1369 2187 1397 2247 E
1431 2186 1517 2246 tites
1540 2186 1632 2246 verò
1660 2185 1718 2245 eas
1735 2185 1867 2245 habet,
1878 2185 1919 2245 ut
1936 2185 2011 2245 sors
2028 2186 2142 2246 tulit:
2160 2188 2251 2248 tum
2269 2191 2429 2251 colore,

1431 2233 1548 2293 quem
1565 2235 1615 2295 hic
1632 2236 1812 2296 floridum
1828 2236 1958 2296 reddit,
1974 2236 2193 2296 haematites
2210 2239 2305 2299 verò
2328 2241 2417 2301 pro¬

1427 2285 1662 2345 fundiorem,
1673 2285 1706 2345 &
1723 2285 1914 2345 cinnabari
1931 2284 2111 2344 similem.
2138 2286 2352 2346 Invenitur
2380 2289 2423 2349 e¬

1430 2335 1524 2395 tiam
1540 2335 1574 2395 in
1591 2335 1763 2395 Sinopica
1785 2335 1935 2395 rubrica:
1946 2333 2079 2393 itemque
2096 2334 2135 2394 in
2152 2335 2352 2395 Magnete
2368 2337 2429 2397 la¬

1423 2384 1509 2444 pide
1532 2383 1757 2443 permultum
1785 2383 2010 2443 combusto,
2021 2384 2251 2444 haematites
2280 2386 2343 2446 fit.
2361 2387 2435 2447 qui

1430 2431 1521 2491 verò
1546 2431 1607 2491 per
1625 2432 1661 2492 se
1674 2432 1858 2492 nascitur,
1870 2432 1906 2492 in
1924 2434 2108 2494 Aegypto
2132 2434 2236 2494 inter
2260 2435 2438 2495 metalla

1436 2480 1627 2540 provenit.
1644 2480 1867 2540 Dioscorides.

1484 2530 1675 2590 PFRITES
1695 2531 1832 2591 lapidis
1852 2533 1969 2593 genus
1989 2533 2044 2593 est,
2058 2534 2071 2594 à
2099 2534 2181 2594 quo
2208 2534 2256 2594 aes
2283 2536 2455 2596 confla¬

1427 2576 1510 2636 tur.
1534 2578 1636 2638 Eligi
1653 2579 1760 2639 debet
1772 2581 1849 2641 aeris
1868 2582 2141 2642 similitudine,
2153 2584 2278 2644 facilè
2302 2585 2458 2645 scintil¬

1424 2626 1488 2686 las
1506 2626 1604 2686 edens.
1616 2627 1732 2687 Uritur
1750 2629 1808 2689 sic.
1825 2630 1936 2690 Melle
1948 2632 2157 2692 irrigatus,
2169 2634 2297 2694 molli
2315 2635 2454 2695 pruna

1356 2675 1385 2735 F
1425 2675 1609 2735 continuè
1627 2677 1736 2737 flatur
1748 2678 1927 2738 follibus,
1938 2680 2059 2740 donec
2077 2681 2285 2741 rufescat.
2325 2683 2412 2743 Alii
2429 2684 2480 2744 in

1428 2725 1573 2785 multos
1596 2726 1775 2786 carbones
1803 2728 1881 2788 igni
1898 2728 2105 2788 candentes
2128 2731 2296 2791 lapidem
2307 2732 2474 2792 copio¬

1424 2773 1464 2833 so
1481 2774 1590 2834 melle
1607 2774 1792 2834 peifusum
1815 2776 2010 2836 dejiciunt,
2022 2777 2056 2837 &
2068 2777 2148 2837 ubi
2171 2779 2223 2839 ad
2246 2780 2378 2840 fulvum
2396 2782 2481 2842 co¬

1426 2821 1514 2881 lorem
1526 2824 1666 2884 vergere
1690 2826 1860 2886 coeperit,
1878 2827 2107 2887 extrahunt,
2124 2828 2342 2888 efflatoque
2359 2831 2488 2891 cine¬

1417 2872 1472 2932 re.
1483 2873 1594 2933 rursus
1616 2873 1871 2933 madefactum
1887 2875 2081 2935 cremant,
2098 2878 2253 2938 donec
2280 2879 2497 2939 aequabi¬

1420 2918 1504 2978 liter
1522 2923 1732 2983 assiccatus,
1744 2924 1895 2984 friabilis
1918 2924 2135 2984 reddatur:
2146 2926 2350 2986 siquidem
2368 2932 2488 2992 saepè

1416 2969 1531 3029 facies
1548 2971 1686 3031 summa
1708 2972 1829 3032 solùm
1841 2972 1973 3032 utitur.
1985 2974 2042 3034 ita
2060 2975 2324 3035 crematus,
2347 2980 2486 3040 sicca¬

1420 3019 1525 3079 tusque
1544 3020 1772 3080 reconditur.
1790 3022 1820 3082 Si
1837 3022 1937 3082 eloto
1960 3022 2060 3082 opus
2084 3023 2149 3083 sit,
2160 3023 2313 3083 lavari
2336 3028 2477 3088 debet

1423 3067 1463 3127 ut
1486 3069 1658 3129 Cadmia.
1681 3070 1785 3130 Tam
1802 3071 1916 3131 crudi,
1928 3071 2049 3131 quam
2066 3072 2152 3132 usti
2169 3073 2244 3133 vis
2267 3074 2330 3134 est
2353 3077 2484 3137 excal

1416 3118 1562 3178 facere,
1574 3119 1787 3179 abstergere,
1799 3119 1958 3179 offusam
1970 3121 2110 3181 oculis
2134 3124 2408 3184 caliginem
2432 3127 2481 3187 ex

1421 3169 1594 3229 purgare,
1606 3170 1755 3230 duritias
1773 3170 2029 3230 concoquere,
2041 3172 2082 3232 &
2100 3173 2386 3233 concoctas
2410 3175 2481 3235 dis

1418 3218 1551 3278 cutere.
1583 3221 1717 3281 Resina
1742 3223 1919 3283 exceptus
1943 3223 2249 3283 excrescentia
2279 3224 2328 3284 in
2365 3226 2481 3286 caro

2269 3277 2479 3337 cohibe
