2479 3508
231 127 335 159 69
839 125 1682 157 De lapidibus preciosis
2127 127 2230 159 70
210 176 1221 225 cohibet, sed calorem quendam & adstrictio¬
216 219 1207 286 nem parit. Ita ustum, nonnulli Diphyges appel¬
212 269 553 340 lant. Dioscorides.
272 282 1211 385 Lapis ASIUS probatur, qui pumicis colore,
215 363 1213 422 fungosus, levis & friabilis sit, venasque in pro¬
223 419 1206 476 fundo luteas habet. Ejus flos est salsugo sum¬
210 461 1210 527 mo lapide insidens, tenui compage, colore cùm
215 521 1211 581 albo, tum punici simili, ad luteum vergente.
213 562 1206 619 Linguae autem admotus, eam leniter mordet.
223 610 1201 668 * Vim habet uterque adstrictoriam, & modicè e¬
209 663 1221 721 rodentem, admistus liquidae pici, aut terebin¬
224 711 1214 776 thinae, tubercula discutit. Longè validior flos
224 771 1212 822 existimatur. De cętero siccatus flos vetera ulce¬
211 823 1209 872 ra, & cicatrici repugnantia sanat, excrescentia
223 859 1211 918 cohibet tetra ulcera & fungis similia, cum mel¬
221 914 1222 983 le expurgat: ulcerum cava explet; & expurgat
216 961 1206 1024 cum melle; depascentiaque cum cerato sistit. Fit
218 1007 1218 1078 cataplasma ex eo podagris, misto fabę lomento:
220 1058 1218 1132 & lienosis ex aceto, & viva calce. Prodest flos ex
219 1101 1217 1164 melle phthisicis linctu. Fiunt ex hoc lapide so¬
220 1164 1218 1220 lia, in quae podagrici pedes mittentes juvantur.
227 1212 1225 1273 fiunt etiam pulveres carnem exedentes corpo¬
210 1260 1213 1324 raque carne onusta, crassaque extenuat in balneo,
228 1308 1209 1378 pro nitro illiti. si lavare hos quispiam velit, cad¬
224 1367 878 1433 miae modo lavabis. Dioscorides.
289 1374 1212 1466 Lapis THYITES in Aethiopia gignitur, sub¬
226 1452 1215 1516 viridi colore jaspidem imitatus: cum diluitur
223 1510 1212 1570 tamen, lacteum succum reddit. * Vehementer
219 1559 1212 1633 mordet: tenebras, quae pupillis obversantur, ex¬
232 1611 633 1685 purgat. Dioscorides.
279 1631 1216 1727 SMYRIS (Germ. Suvergel) lapis est, quo gem¬
223 1695 1222 1781 mas annularii scalptores extergunt. Is in Samia
237 1753 1218 1819 terra invenitur. *Ad erodendum & urendum
240 1807 1235 1875 utilis: gingivis, quas humor vexat, prodest: den¬
228 1861 1219 1925 tifricio commendatur. Si deficiat, ejus loco sub¬
238 1910 884 1975 stitui potest pumex. Dioscorides.
299 1947 1222 2015 Lapis SCHISTOS, hoc est, scissilis, in Iberia
238 2004 1216 2072 Hispaniae gignitur. Laudatissimus est, qui croci
234 2056 1212 2118 colorem aemulatur, estque friabilis, & suaptem
228 2113 1211 2171 tura benè scissilis. concretione verò & mutuo
226 2211 1226 2264 Ammoniaco sali similis videtur. * Vim exhibet
232 2156 1227 2227 linearum, quas pectinum modo habet, dicursu.
227 2256 1215 2325 haematitae, sed ad omnia inferiorem. quin & ca¬
243 2308 1221 2373 va replet muliebri lacte perfusus. ad prociden¬
232 2368 1236 2417 tia, rupta, item genarum crassitiem, & uvas ocu¬
234 2404 1232 2474 lorum, magnopere efficax est. Si deficiat, pro eo
233 2453 1069 2533 sumi potest lapis haematites. Dioscerides.
497 2517 960 2618 De lapidibus frigidis.
275 2586 1225 2670 CRYSTALLUS (Germ. Crystal. Ital. Crystalo.
242 2655 2263 2737 Gall. & Hisp. Crystal) gignitur ex humore omnium
248 2705 1229 2790 purissimo, in terrae visceribus condito: unde e¬
239 2774 1242 2830 tiam beryllus, adamas, & alii id genus lapides
257 2814 1224 2885 proveniunt, nec non in marinorum; aliorumque
250 2859 1234 2929 lapidum & metallorum fodinis Germaniae,
250 2917 1218 2977 Scythiae, Cypti, Hispaniae, saepè in agris, ubi co¬
249 2968 1243 3036 loni aratro ipsius glebas effodiunt. *Idem facit,
249 3012 1247 3089 quod ferè gypsum astringendo: eoque in pulve¬
238 3055 1231 3137 rem tenuissimum tritum, ex vino austero dysen¬
250 3107 1231 3182 tericis opitulatur: nec non alba uteri profluvia
258 3177 1238 3227 compescit, lac nutricibus auget, quin etiam cau¬
243 3206 1247 3279 terium ex pila crystalli fieri solet: quo delicati
1221 172 2252 226 [A] homines, qui ferrum candens reformidant, urun¬
1264 217 2252 280 tur. Notandum est, ex eodem crystallo oleum
1262 261 2247 316 arte chymica praestantissimum fieri, (ut suo lo¬
1271 307 2254 378 co dicetur) quòd drachmae semissis, vel integrae
1258 366 2246 419 ad calculum ex aqua cardul benedicti datur: nec
1268 411 2250 479 non ad lac muliebre augendum ex lacte amyg¬
1261 478 2251 526 dalarum quamvis idem etiam erudus, in tenuissi¬
1272 513 2252 576 mum pulverem redactus, eodem pondere ex
1268 541 2253 625 eademque aqua utiliter exhiberi possit. Matthio¬
1271 615 1656 681 lus & Andernacus.
1221 649 2260 725 [B] PHRYGIUS lapis, quo infectores in Phrygia
1264 712 2254 763 utuntur, à qua nomen accepit, nascitur in Cap¬
1269 760 2250 827 padocia. Optimus habetur pallidus, modicè
1265 811 2248 881 gravis, non solida corporis compage, interce¬
1263 856 2251 922 dentibus albis segmentis, ut in Cadmia. Uritur autem
1266 907 2242 968 vino optimo persusus, vivisque carbonibus ob¬
1278 953 2241 1016 rutus: perflatur assiduè follibus, donec mutato
1271 1009 2247 1065 colore rufescat: rursus extractus eodem vino re¬
1278 1054 2251 1130 stinguitur. Hoc iterum & trinis vicibus facien¬
1269 1106 2245 1174 dum: attendendum tamen ne minutim confrin¬
1218 1185 2252 1213 [C] gatur, & in fuliginem evanescat. * Vis crudo u¬
1264 1201 2247 1270 stoque adstrictoria, expurgans: ulceribus crustas
1266 1259 2249 1307 quadantenus inducit: ambustis cum cerato me¬
1274 1303 2244 1385 detur. Lavatur ut Cadmia. Si non sit ad manus
1266 1356 2203 1417 ejus loco Marchasita sumi potest. Dioscorides.
1325 1390 2250 1464 SAMIUS lapis in Samia terra invenitur, quo
1276 1451 2242 1509 autifices utuntur poliendo auro, ut resplendeat.
1270 1505 2251 1569 Probatur candore & duritia. * Vis ei adstricto¬
1269 1553 2242 1621 ria, & refrigerans. Prodest stomachicis potus,
1276 1604 2249 1660 sensus hebetat: verùm ad fluxiones oculorum,
1265 1649 2258 1706 [D] & ulcera, cum lacte efficax est. Partus, ut tradunt
1265 1703 2250 1776 adligatus accelerat; & conceptus foeminarum
1270 1756 1691 1830 custodit. Dioscorides.
1331 1774 2256 1867 ARENA (Germ. Sand. Ital. Sabbione. Gall. Sa¬
1277 1846 2250 1916 ble, arene, sablon. Hispan. Arena) è littoribus sole
1265 1899 2241 1966 fervefacta, hydropicorum tumores exugit, si ca¬
1277 1950 2252 2027 pitę tenus in ca obruantur. Torreri solet ad ari¬
1275 2006 2104 2063 dos sotus, pro milio, aut sale. Diescorides.
1311 2030 2251 2111 OCULUS Catti laudatissimus in Zeilan in¬
1266 2089 2262 2168 venitur. Nonnulli etiam ex Pegu advthuntur.
1227 2148 2246 2214 quos eò deferri rumor est ex regione Bramaa.
1281 2199 2256 2258 Multò majoris est apud Indos precii, quàm in
1277 2242 2255 2320 Lusitania. Memini enim quendam commisisse,
1275 2298 2253 2355 qui hic sexcentis Lusitanicis aureis aestimabatur.
1236 2357 2246 2415 Sed cum id Lusitania duntaxat nonaginta au¬
1283 2393 2261 2460 reos aestimarent, huc relatus, & quod nunc dixi,
1278 2447 2261 2502 precio venditus est. Persuadent sibi Indi, ejus qui
1278 2491 2257 2561 hanc gemmam possidet, facultates non posse im¬
1287 2548 2262 2613 minui, sed semper incrementum facere, & au¬
1296 2595 2269 2667 geri Ego verò, quod expertus sum referam: Li¬
1276 2693 2262 2775 meditullium sive oculum tangat, nullo igne uri
1242 2763 1751 2828 posse. Garcias ab Horto.
1462 2789 2104 2899 De lapidibus astringentibus.
1331 2879 2268 2970 E COTENAXIA, quod ex acuendo fe  de¬
1243 2961 2255 2999 teritur, illitum, alopecias ad pilum reducit: vir¬
1247 2991 2273 3072 ginum mammas cohibet, nec increscere patitur.
1288 3049 2264 3124 Potum ex aceto, lienem absumit, & comitiali¬
1287 3098 1777 3167 bus prodest. Dioscorides.
1345 3123 2268 3208 GEODES lapis nascitur in Misnia & Saxo¬
1247 3193 2265 3272 nia (secundùm Agricolam.) * Astringit, siccat,
