2479 3508
362 133 454 193 71

863 125 1269 185 Antidotarii
1299 121 1566 181 specialis
1626 121 1774 181 Lib.
1794 124 1843 184 I.

2188 125 2259 185 72

348 185 1336 262 caligines oculorum discutit. illitus autem ex
348 254 1336 294 aqua, testium mammarumque inflammationes
359 294 479 354 sedat.
498 289 720 349 Dioscorides.

404 338 1336 389 PUMEX (Germ. Bymestein. Ital. Pomice Gall.
354 380 1327 449 Piere ponce Hisp. La piedra esponia dicitur) pro¬
357 433 1321 496 batur, qui levis, fistulosus, scissilis, & non calcu¬
368 483 1336 548 losus est, quique teri facilè potest, & candidus
366 545 1336 591 est Iltitur hoc modo: Capeejus quantum velis, glauco pingui similis, id est, viridis, lacte suffu¬
369 580 1336 644 flagrantissimis tarbonibus obtuc. ubi ignican¬
368 635 1336 686 dens sit redditus, extrahe, vino odorato restin¬
373 683 1336 749 gue, iterumque incensum extingue: tertia verò B monte profundissimis specubus foditur Alla ex
361 726 1325 803 ustione peracta, sine, ut per se refrigeretur, & ad
370 790 1331 846 usum repone. *Vis ejus astringere gingivas
366 826 1320 879 abstergere, purgat cum calfactione, quae pupil¬
370 880 1322 931 lis caliginem offundunt: explet ulcera, & ad ci¬
371 926 1337 984 catricem perducit: excrescentia cohibet. Fit ex
384 978 1331 1043 farina ejus dentifricium. Corpori crustam ob¬
380 1025 1330 1081 ducit: avellendis capillis aptus. Theophrastus
371 1075 1330 1133 author est, si quis in bulliens vini dolium pumi¬
383 1134 1330 1196 cem conjecerit, fervorem statim sedari. Dio¬
376 1168 569 1246 scorides.
565 1217 1160 1328 De lapidibus emollientibus.
421 1300 1349 1388 ALABASTRITES vocatus onyx, notissimus
378 1377 1335 1435 lapis est iis, qui Romana inviserunt aedificia. Hal¬
372 1438 1341 1489 lucinantur tamen, qui credunt, lapidem illum
378 1488 1349 1542 Alabastritem esse, è quo hac tempestate forno
389 1532 1339 1592 varia finguntur vasa, quibusdam subnigricanti¬
374 1571 1350 1634 bus venis discurrentibus, pellucido laevore, ma¬
386 1626 1353 1686 terie verò a deò imbecilli, ut parum collisa facilè
371 1673 1340 1732 frangantur. Quandoquidem lapis hic Alabastri¬
376 1727 1343 1780 tae species non est, sed potiùs gypsi materia. Ala¬
367 1776 1351 1844 bastrites enim, quem antiqui ad vasa unguenta¬
375 1821 1353 1884 ria cavabant, quò diutiùs unguenta à rancore
390 1871 1354 1933 vindicarent, nascitur (ut Plinius inquit) circa The¬
371 1921 1350 1976 bas Aegyptias, & Damascum Syriae. Hic caeteris
389 1976 1343 2033 candidior. Probatissimus verò in Carmania,
375 2023 1356 2081 mox in India, jampridem & in Syria, Asiaque. Vi¬
377 2069 1339 2134 lissimus autem, & sine ullo nitore, in Cappado¬
389 2120 1343 2180 cia: Probantur quàm maximè mellei coloris in
389 2175 1358 2235 vertice maculosi. * Crematus resina aut pice
389 2222 1351 2290 exceptas, duritias discutit: stomachi dolores
377 2265 1353 2341 cerato levat: gingivas comprimit. Matthiolus,
390 2309 622 2379 Dioscorides.
436 2333 1345 2436 GAGATES (Germ. Schwartzer agstein. Gal. Aga.
387 2405 1346 2468 tho. Hisp. Elazavatem.) probatur, qui celeriter ac¬
383 2458 1340 2516 cenditur, & odorem bituminis reddit niger ple¬
377 2513 1351 2568 runque est, squalidus, crustosus, & valde levis.
387 2563 1361 2632 * Vis ei molliendi & discuuendi deprehendit.
378 2596 1344 2667 fonticum morbum suffitus: recreatque vulvae
389 2657 1331 2714 strangulationes: fugat serpentes nidore. Poda
385 2710 1354 2769 gricis medicaminibus & acopis additur Nasci¬
377 2753 1348 2817 tur in Lycia. Inveniturque prope ostia fluminis
392 2804 1337 2865 in mare exeuntis. flume autem Gagas nomina¬
395 2853 706 2921 tur. Dioscorides.
437 2875 1344 2960 THRACIUS in Scythia nascitus, in fluvio, qui
378 2942 1347 3016 Pontus vocatur. * Eidem ei vis, quae Gagathae.
387 3000 1347 3082 traditur aqua accendi, oleo relingui: quod e¬
386 3054 1133 3129 tiam in bitumine accidit. Dioscorides.
487 3105 1211 3208 De lapidibus obstapefacientibus.
424 3195 1348 3295 Lapis MEMPHITES in Aegypto ad urbem
1336 179 2288 254 [A] Memphim invenitur, calculorum magnitudine,
1336 247 2288 298 pinguis, versicolorque. * Ajunt, hunc tritum, &
1388 287 1519 347 illitum
1538 287 1644 347 locis,
1657 287 1738 347 quae
1750 287 1888 347 urenda
1913 287 1969 347 aut
1988 287 2126 347 secanda
2138 287 2213 347 sunt,
2226 287 2288 347 sine

1343 333 2183 389 periculo sensum eis adimere. Dioscorides.
1432 356 2297 447 IASPIDUM genera longè pluta recensentur,
1392 430 2303 500 quàm quae à Dioscoride describuntur. Quando¬
1343 542 2297 595 glauco pingui similis, id est, viridis, lacte suffu¬
1343 476 2301 544 quidem quaedam visitur caeruleo copiolo aut
1343 573 2316 649 sa. Alia purpurea: qualis nascitur in Phrygia. A¬
1343 630 2318 690 lia fosea, & quasi flotibus tincta: qualis in Ida
1343 679 2315 746 [B] monte profundissimis specubus foditur Alla ex
1402 730 1567 790 purputa
1586 730 1751 790 caerulea:
1770 731 1884 791 qualis
1897 730 2081 790 invenitur
2093 730 2118 790 in
2143 728 2314 788 Cappado¬

1400 778 1475 838 cia.
1507 778 1589 838 Alia
1614 778 1652 838 ex
1672 778 1778 838 rubio
1798 779 1917 839 nigra.
1943 779 2025 839 Alia
2044 778 2158 838 jecoris
2170 778 2309 838 imitatur

1403 827 1593 887 colorem:
1611 827 1694 887 quae
1712 827 1741 887 si
1759 829 1979 889 saturatiore
1997 829 2116 889 colore
2127 829 2317 889 repreriatur;

1393 877 1501 937 lintis
1526 877 1691 937 ejusdem
1711 877 1844 937 coloris
1863 878 1971 938 diluti
1990 878 2016 938 &
2035 878 2117 938 nigri
2137 877 2219 937 cingi
2226 877 2320 937 sole¬

1408 925 1596 985 Quaedam
1614 926 1742 986 nivem
1760 928 1907 988 imitata
1925 928 2041 988 rutilis
2059 928 2187 988 punctis
2200 925 2321 985 respet¬

1403 974 1527 1034 gitur.
1551 974 1644 1034 Qua
1656 976 1736 1036 dam
1756 976 1898 1036 onyche
1922 977 2101 1037 pungitur,
2114 977 2164 1037 aut
2182 977 2207 1037 ex
2226 976 2324 1036 alteia

1407 1027 1507 1087 parte
1527 1024 1635 1084 jaspis
1656 1024 1723 1084 est,
1743 1024 1777 1084 ex
1797 1025 1904 1085 altera
1925 1027 2046 1087 onyx,
2059 1027 2201 1087 proinde
2214 1024 2329 1084 laspo¬

1409 1072 1476 1132 nyx
1494 1073 1640 1133 vocata.
1652 1075 1743 1135 Alia,
1755 1075 1853 1135 cujus
1872 1075 1981 1135 altera
1999 1075 2090 1135 parte
2108 1075 2139 1135 sit
2157 1076 2334 1136 purpurta.

1411 1121 1520 1181 altera
1540 1123 1675 1183 viridis,
1689 1124 1753 1184 nec
1766 1124 1908 1184 utrinque
1921 1126 2102 1186 pellucens,
2115 1124 2167 1184 sed
2186 1124 2244 1184 qua
2263 1123 2334 1183 par¬

1350 1174 1380 1234 C
1409 1174 1445 1234 re
1457 1174 1612 1234 virescit.
1624 1174 1660 1234 In
1677 1174 1838 1234 summa,
1850 1174 1945 1234 varia
1969 1175 2011 1235 est
2023 1174 2195 1234 jaspidum
2207 1172 2344 1232 natura¬

1393 1210 1423 1270 *
1435 1218 1640 1278 Suspensas
1658 1223 1700 1283 ad
1718 1224 1814 1284 plura
1832 1223 1952 1283 valere
1970 1223 2084 1283 ajunt:
2102 1222 2229 1282 nempe
2247 1222 2283 1282 ad
2301 1222 2343 1282 o¬

1407 1270 1541 1330 mnem
1558 1271 1745 1331 sanguinis
1768 1273 1907 1333 fluorem,
1924 1273 1966 1333 ad
1983 1273 2239 1333 porrigendum
2256 1270 2344 1330 con¬

1409 1321 1575 1381 ceptum,
1592 1321 1627 1381 &
1644 1321 1787 1381 partum
1799 1322 2028 1382 juvandum,
2039 1321 2245 1381 veneremque
2257 1318 2348 1378 inhi¬

1407 1369 1601 1429 bendam,
1613 1370 1650 1430 &
1668 1370 1832 1430 febrem,
1851 1371 1894 1431 &
1906 1372 2118 1432 hydropem
2137 1370 2356 1430 fugandam.

1415 1418 1489 1478 Nec
1507 1420 1632 1480 desunt
1650 1420 1886 1480 superstitiosi
1905 1420 1967 1480 qui
1986 1420 2116 1480 dicant,
2122 1420 2271 1480 jaspidas
2290 1418 2351 1478 ho¬

1410 1468 1528 1528 mines
1548 1468 1704 1528 reddere
1722 1468 1848 1528 gratos
1872 1469 2067 1529 potentes,
2073 1469 2111 1529 ac
2129 1468 2242 1528 tutos,
2248 1468 2267 1528 si
2285 1468 2360 1528 qui¬

1413 1517 1573 1577 busdam
1590 1519 1744 1579 magicis
1761 1519 1875 1579 verbis
1897 1520 2228 1580 admurmurentur,
2246 1517 2354 1577 prius¬

1414 1565 1529 1625 quàm
1546 1568 1841 1628 suspendantur.
1852 1565 2071 1625 Matthiclus.

1438 1616 1650 1676 OPHITES
1671 1618 1763 1678 lapis
1785 1617 1870 1677 alius
1892 1616 1934 1676 est
1949 1615 2083 1675 graris,
2090 1615 2126 1675 &
2140 1615 2253 1675 niger:
2267 1616 2360 1676 alius

1354 1669 1393 1729 D
1420 1667 1555 1727 cinerei
1577 1666 1739 1726 coloris:
1755 1666 1844 1726 alius
1861 1666 2006 1726 punctis
2023 1666 2207 1726 vatiatus:
2223 1666 2307 1726 alius
2323 1664 2368 1724 li¬

1406 1714 1497 1774 neas
1513 1714 1690 1774 candidas
1711 1714 1833 1774 habet.
1845 1715 1973 1775 omnes
1994 1714 2144 1774 allegati
2160 1714 2282 1774 contra
2299 1712 2368 1772 ser¬

1414 1763 1571 1823 pentum
1588 1763 1746 1823 morsus,
1763 1763 1798 1823 &
1809 1763 1937 1823 capitis
1955 1763 2106 1823 dolores
2123 1763 2298 1823 prosunt.
2310 1765 2373 1825 qui

1417 1810 1504 1870 verò
1522 1812 1673 1872 randidas
1690 1813 1801 1873 habet
1812 1813 1976 1873 lineas,*
1999 1813 2168 1873 privatim
2179 1814 2377 1874 lethargo,

1412 1861 1448 1921 &
1466 1862 1595 1922 capitis
1613 1864 1778 1924 dolorib.
1790 1864 1948 1924 auxiliari
1967 1864 2199 1924 perhibetur.
2211 1864 2351 1924 Dioscor.

1590 1927 2217 2018 De lapidibus abstergentibus.
1463 1990 2398 2070 ARABICUS lapis maculoso ebori similis est.
1406 2059 2400 2140 * Is tritus illitus haemorthoidas exiccat. Ejus ci¬
1410 2114 2167 2183 nis dentifricio optimus. Dioscorides.
1584 2179 2206 2258 [E] De lapidibus glutinantibus.
1457 2246 2423 2337 GALACTITES dicitur, quòd lacteum suecum
1404 2321 2424 2382 ex se mitat: cinerci tamen coloris est, ac gustu
1419 2365 2421 2435 dulcis.* Ad oculorum fluxiones & ulcera utiliter
1403 2417 2429 2491 illinitur, is in aqua tritus pyxide plumbea recon¬
1419 2465 2434 2523 ditur, ob vim glutinosam. quae in eo est. Dioscor.
1455 2514 2431 2574 MELITES est in omnibus Galactitae similis.
1405 2553 2449 2630 hoc tantùm differt, quòd dulcissimum succum
1421 2617 2443 2692 emittit. Facit ad eadem, ad quae Galactites. Diosc.
1493 2685 2378 2775 [F] De lapidibus cicatricem inducentibus.
1460 2738 2462 2830 MOROCHTUS, quem aliqui Galaxiam, aut
1409 2815 2474 2890 Leucographida vocant, in Aegypto nascitui, hoc
1414 2868 2462 2916 lapide quoniam mollis est, & facilè diluitur, lin¬
1417 2916 2487 2973 teorum artifices ad candorem lint eis indendum
1423 2961 2486 3020 utuntur. *Spiracula corporis obstruere videtur:
1421 3019 2484 3082 conveniens iis, qui sanguinem expuunt, coelia¬
1416 3060 2476 3135 cis & vesicae doloribus, cum aqua potus. Idem
1396 3108 2484 3184 flutionibus vulvae, & impositus velleti. Molli¬
1411 3166 2483 3221 bus oculorum collyriis miscetur: explet enim ca¬
1399 3212 2464 3286 va atque delachrymationes sistit.  Idem cerato ex¬
2267 3262 2484 3337 ceptus
