2479 3508
246 11 287 71 7

890 1 969 61 De
1019 7 1397 67 Lapidibus
1436 13 1764 73 precioiis.

2294 35 2375 68 74
244 71 399 131 ceptus,
406 70 534 130 ulcera
554 70 635 130 quę
655 70 756 130 fiunt
769 71 803 131 in
823 71 985 131 terrenis
1005 75 1180 135 partibus
1201 79 1282 139 cor¬
1302 81 1335 141 A

253 127 369 187 poris,
382 125 431 185 ad
451 124 684 184 cicatricem
705 125 896 185 perdurit.
909 128 1135 188 Dioscorides.

450 211 502 271 De
524 208 733 268 lapidibus
748 211 949 271 calculum
971 211 1083 271 com¬

605 280 916 340 minuentibus.

302 361 427 421 Lapis
448 361 636 421 LINCIS
670 361 705 421 ex
733 361 879 421 genere
900 361 1052 421 succini
1074 362 1143 422 est,
1157 362 1268 422 quòd

239 415 320 475 suae
344 415 593 475 proprietate
622 413 780 473 naturae
809 413 966 473 pennas
995 413 1041 473 ad
1065 415 1106 475 se
1129 417 1275 477 trahat,

245 467 573 527 quemadmodum
591 466 626 526 &
645 466 781 526 caetera
800 467 942 527 succini
961 468 1103 528 genera
1127 472 1277 532 paleas,

237 521 424 581 festucas,
436 521 473 581 ac
492 521 678 581 levissima
697 521 834 581 quaeque
847 521 1040 581 alliciunt.
1058 523 1270 583 Quantum

231 574 335 634 verò
361 575 373 635 à
399 575 587 635 legitimo
612 575 800 635 lyncurio
826 574 1000 634 vulgaris
1026 575 1084 635 ille
1103 577 1258 637 lapillus

235 628 421 688 differat,
439 628 508 688 qui
527 629 694 689 officinis
713 629 812 689 lapis
831 629 955 689 lyncis
974 629 1216 689 appellatur,
1228 629 1265 689 &

230 682 344 742 cujus
368 683 416 743 est
434 683 524 743 usus
548 683 649 743 apud
674 682 919 742 seplasiarios
938 682 973 742 &
991 682 1196 742 medicos,
1207 684 1273 744 qui

234 734 480 794 simplicium
497 737 896 797 medicamentorum
919 735 1124 795 scientiam
1141 734 1276 794 negli¬

240 785 363 845 gunt,
376 787 409 847 ii
428 790 674 850 dijudicent,
694 790 759 850 qui
779 788 1019 848 simplicium
1038 788 1214 848 historias
1239 790 1279 850 &

240 841 452 901 facultates
475 844 625 904 optimè
642 842 810 902 norunt.
821 841 1051 901 Maithiolus.

283 895 544 955 IUDAICUS
562 895 662 955 lapis
681 895 718 955 in
737 895 867 955 Iudaea
886 895 1092 955 exoritur,
1104 896 1265 956 glandis

238 947 385 1007 effigie,
399 947 613 1007 candidus,
619 947 754 1007 forma
774 947 894 1007 quàm
914 949 1216 1009 elegantissima,
1222 951 1270 1011 li¬

228 1000 306 1060 ntis
329 1001 431 1061 inter
449 1001 479 1061 se
503 1001 754 1061 aequalibus,
765 1001 891 1061 veluii
903 1001 1022 1061 torno
1046 1001 1178 1061 factis,
1190 1002 1261 1062 dis¬

229 1054 443 1114 tinguitur,
461 1055 492 1115 is
517 1054 682 1114 solutus
701 1054 859 1114 nullam
884 1054 1123 1114 qualitatem
1147 1057 1264 1117 gustu

240 1105 389 1165 affert.*
406 1108 538 1168 Potest
561 1108 686 1168 ciceris
710 1108 990 1168 magnitudine
1007 1108 1115 1168 tritus
1138 1108 1180 1168 ad
1204 1109 1264 1169 co¬

234 1160 324 1220 tem,
336 1160 371 1220 ut
390 1162 629 1222 collytium,
641 1162 725 1222 cum
750 1162 887 1222 casidae
905 1162 1019 1222 aquae
1036 1162 1186 1222 cyathis
1205 1162 1270 1222 tri¬

244 1214 323 1274 bus,
335 1214 433 1274 potu
457 1214 689 1274 difficultati
708 1214 817 1274 urinę
842 1214 1031 1274 auxiliari,
1043 1216 1080 1276 &
1092 1216 1269 1276 calculos

233 1268 530 1328 comminuere.
541 1267 767 1327 Dioscorides.

277 1321 511 1381 LAPIDES
543 1321 575 1381 in
593 1321 772 1381 spongiis
790 1321 955 1381 reperti,
974 1321 1170 1381 omnibus
1190 1322 1265 1382 no¬

232 1372 357 1432 tissimi
375 1372 494 1432 sunt:
513 1372 626 1432 quòd
651 1373 838 1433 tatissime
863 1375 938 1435 sint
957 1376 1163 1436 spongiae,
1176 1376 1269 1436 quae

245 1426 286 1486 his
303 1426 513 1486 lapidibus
531 1426 694 1486 vacent.
700 1426 735 1486 *
764 1426 863 1486 Cum
881 1427 974 1487 vino
998 1428 1097 1488 poti,
1109 1430 1260 1490 lapides

245 1478 293 1538 qu
305 1480 342 1540 in
360 1481 492 1541 vesica
509 1483 612 1543 sunt,
624 1481 835 1541 rumpunt.
847 1481 1081 1541 Dioscorides:

419 1534 1051 1647 De lapidibus foetum reti¬
635 1629 874 1709 nentibus.
298 1721 1263 1806 AETITES (Germ.ein Adlerstein.) lapis est ve¬
244 1769 1261 1844 luti praegnans, cùm quatitur; alio in utero so¬
248 1838 1270 1897 nante. Hujus genera sunt quatuor. In Aphrica
238 1888 1266 1945 nascens pusillus & mollis intra se, ac velut in al¬
235 1950 1254 2013 vo habens argillam suavem, candidam: friabi¬
245 1995 1264 2065 lis, quem foeminei sexus putant. Mas, qui in A¬
238 2047 1256 2103 rabia nascitur, durus, gallae similis, aut subruti¬
225 2095 1271 2174 lus, in alvo habens durum lapidem. Tertius in
245 2162 1267 2218 Cypro invenitur, colore illis in Aphrica nascen¬
230 2201 1320 2280 tibus similis, amplior tamen atque dilatatus. cae¬ [E]
230 2267 1259 2319 teris enim gibbosa facies. Habet in alvo arenam
229 2315 1251 2375 jucundam & lapillos: ipse tamen mollis, ut e¬
239 2366 1256 2435 tiam digitis frietur: Quarti generis Taphiusius
232 2422 1263 2475 appellatur, nascens iuxta Leucadem in Taphiu¬
221 2470 1264 2541 sa: qui locus ex dextera navigantibus ex hac ad
221 2533 1270 2591 Leucadem. Invenitur in fluminibus candidus
232 2585 1266 2657 & rotundus. Huic est in alvo lapis, qui vocatur
229 2629 1266 2691 callimus, nec quicquam tenerius. Praefertur A¬
248 2686 1257 2758 phricus, & qui è nido aquilae decerpitus. Pessi¬
232 2739 1260 2802 mi rotundi, in fluminibus alveis inventi. * Gra¬
227 2787 1262 2856 vidis continet partus, cùm lubricae sint vulvae, &
232 2848 1261 2909 parum tenaces, sinistro brachio adalligatur: sed
239 2910 1258 2966 parturientibus è brachio amoveatur, & foemini¬
235 2953 1265 3007 bus alligetur, ut sine doloribus pariant. Furem
232 3005 1269 3081 deprehendit, si quis in panè conditum offerat:
233 3056 1267 3120 fut enim mansum devorare non poterit. Quin¬
241 3111 1254 3164 etiam concoctus furem coarguit: quippe deco¬
227 3167 1269 3236 cta cum eo devorare non poterit. Tritus & ce¬
227 3230 1260 3284 rato exteptus, cyprino, aut glaucino, aut alio
229 3273 1267 3359 extalfaciente, comitiales magnificè juvat. Pli¬
241 3324 649 3413 nius & Dioscorides.
1507 110 1576 170 De
1593 113 1789 173 lapidibus
1806 117 1960 177 menses
1978 119 2201 179 cientibus.

1418 183 2380 258 OSTRACITES testae similitudinem habet,
1355 239 2389 307 crustosus, & in laminas fissilis. quo mulieres ad
1344 286 2383 367 detrahendos pilos pro pumice utuntur. *Men¬
1346 347 2375 410 ses drachmae pondere potus ex vino ciet. Si qua¬
1345 395 2382 474 tuor diebus à purgatione bibatur, silici ponde¬
1342 464 2380 520 re, foeminis praestatne concipiant. Cum melle
1341 508 2370 586 autem impositus, mammarum inflammationes
1349 550 2116 635 lenit, & nomas cohibet. Dioscorides.
1605 621 2128 718 [B] De lapidibus amuletis.
1397 701 2377 786 SELENITES lapis, quem aliqui aphrosele¬
1336 775 2375 851 non appellarunt, quoniam noctu invenitur lu¬
1337 829 2365 903 nae imaginem reddere: quę cum ea quidem au¬
1336 879 2375 957 getur, & decrescit: nascitur in Arabia, candidus,
1342 938 2364 1009 translucens, levis. *Hujus ramenta comitiali¬
1349 976 2376 1046 bus in potu dari jubent. Eo teu gestamine ad a¬
1344 1043 2359 1132 muleta mulieres utuntur. Arbores adalligito
1348 1092 2203 1167 eodem frugiferae redduntur. Dioscorides.
1390 1126 2365 1212 [C] AMIANTHUS in Cypro nascitur: alumini
1344 1188 2374 1274 scissili aequalis. ex quo, utpote flexili, & telas fa¬
1339 1256 2376 1326 ciunt: conjectus autem in ignem ardet, sed mi¬
1336 1299 2372 1370 nimè crematus, exit splendidior. * Hic venefi¬
1346 1346 2364 1449 ciis resistit omnibus, privatim magorum. Dio¬
1331 1396 1731 1476 scorides & Plinius.
1389 1437 2377 1538 MYEXIS lapis est, qui in capite bufonis inve¬
1339 1516 2362 1595 nitur, magnitudinis mirae. est enim (ut Brasavo¬
1345 1558 2379 1647 lus author est) craneum illius animalis. Color est
1331 1618 2371 1696 ferrugineus, in viridi: nitet tamen. Pars exterior
1344 1678 2380 1755 [D] plana: est enim ipsum os. interior autem verè
1337 1727 2377 1801 lapis est. seu potiùs lapidea terra, quasi concre¬
1336 1784 2382 1841 ta diu. Rotundus est plerunque, & magnitudine
1345 1825 2377 1910 latitudinis fabae. Ego autem habeo longiorem
1343 1875 2375 1959 faba multò & crassiorem: nec scio quomodo cra¬
1330 1925 2372 2014 neo busonis convenire possit, propter formam,
1338 1995 2368 2066 cùm tamen sit genuinus. * Vires ejus expertae
1342 2034 2374 2109 sunt, quòd gestatus, tollit renum dolores, etiam
1339 2108 2374 2170 antiquos, & lapidis prohibet generationem. Sed
1335 2145 2377 2217 lotio illius etiam plurimum confert, & praesenti
1337 2208 2371 2275 [E] est auxilio. Ventriculi etiam affectibus & febri¬
1342 2246 2372 2328 bus eadem confert: sed, ut existimo, non omnibus.
1348 2305 2357 2372 Venenatis etiam ictibus, sed non magnum af¬
1337 2346 1845 2440 fert auxilium. Cardanus.
1414 2426 2307 2506 De lapidibus minùs preciosis alteranti¬
1589 2497 2115 2588 bus qualitate occulta.
1401 2571 2368 2657 Lapis SPONGITES in vino albo, vel succo
1343 2649 2358 2720 raphani solutus, & potus, lapidem in vesica fran¬
1346 2689 1647 2762 git. Mizaldus.
1390 2739 2365 2811 [F] PENTARBEN lapidem ad se aurum allicere.
1349 2802 2349 2872 ut Magnes ferrum, memoriae proditum est à Phi¬
1336 2849 1740 2920 lostrato ac Tzeze.
1386 2900 2358 2973 DISSECTIS ante plenilunium pullis hirun¬
1337 2957 2369 3024 dinum ex prima foetura, duo lapilli reperiuntur
1336 3010 2367 3076 in illorum ventriculis, quorum unus concolor,
1340 3067 2371 3136 alter verò discolor babetur. Hi prius quàm ter¬
1338 3115 2358 3186 ram attigerint, si in bucule, aut cervi aluta inclu¬
1348 3167 2357 3234 dantur, & brachio vel collo aptentur, comitia¬
1348 3221 2358 3287 les sanabunt, nedum juvabunt. Ex relatione cujus¬
1343 3287 2358 3345 dam Itali, qui se id expertum fuisse mihi assere¬
1342 3327 2358 3402 bat. Caeterùm Chelidonius lapis duplex in hi¬
