2479 3508
193 140 275 170 75
713 108 1111 168 Antidotarii
1143 107 1423 167 specialis
1477 110 1628 170 Lib.
1649 112 1703 172 I.

2105 108 2204 168 76

180 157 1185 239 rundine reperitur, rufus nimirum & niger. Prior
179 239 284 299 lineo
308 238 448 298 panno,
459 235 517 295 aut
535 233 699 293 vitulino
716 230 821 290 corio
844 229 1031 289 exceptus,
1043 227 1078 287 &
1096 227 1154 287 sub

183 289 288 349 axilla
312 286 488 346 gestatus,
499 283 682 343 antiquos
699 280 880 340 morbos,
893 280 963 340 unà
981 280 1063 340 cum
1080 280 1162 340 epi¬

170 340 291 400 lepsia
310 338 470 398 perfectè
488 335 604 395 sanat,
616 333 725 393 idque
751 331 980 391 praestantius
1000 329 1127 389 efficit,
1139 329 1158 389 si

178 390 218 450 in
238 388 420 448 pollinem
433 386 541 446 tritus
554 385 722 445 bibatur.
749 382 957 442 Posterior,
978 382 1072 442 valet
1092 382 1159 442 ad¬

186 439 315 499 versus
332 437 472 497 febres.
483 436 669 496 Albertus.

237 488 498 548 MAGNETIS
525 486 638 546 pulvis
659 484 860 544 triobolari
880 482 1048 542 pondere
1068 484 1161 544 epo¬

182 538 242 598 tus
266 538 302 598 ex
320 536 428 596 succo
446 535 644 595 foeniculi,
656 532 878 592 hydropicis
896 532 1022 592 aquas
1040 533 1167 593 detra¬

179 589 250 649 hit.
280 589 321 649 Et
339 587 493 647 magnes
516 586 587 646 ipse
611 584 723 644 capiti
741 583 925 643 admotus
948 581 1108 641 dolores
1132 581 1173 641 o¬

176 640 342 700 mnesque
354 637 431 697 ejus
449 635 621 695 querelas
644 634 828 694 obliterat.
846 634 959 694 Quod
976 632 1012 692 ex
1036 632 1160 692 veterum

186 688 475 748 commentariis
491 685 518 745 se
540 683 775 743 transtulisse,
785 683 911 743 scribit
927 683 1107 743 Hollerius.

235 736 411 796 OMNIA
441 736 568 796 genera
592 736 805 796 lapidum,
823 734 890 794 qui
908 734 944 794 in
968 733 1157 793 capitibus

177 789 338 849 piscium
362 785 607 845 reperiuntur,
619 784 714 844 trita,
726 784 756 844 &
774 782 857 842 cum
869 782 959 842 vino
983 784 1162 844 exhibita,

188 838 353 898 colicum
377 836 548 896 dolorem
571 833 835 893 compescunt,
846 833 880 893 &
891 833 1092 893 calculum,
1104 833 1166 893 qui

180 888 222 948 in
240 887 395 947 renibus
413 886 556 946 defixus
568 886 682 946 jacet,
693 886 855 946 atterunt
872 886 903 946 &
921 884 1171 944 comminuunt.

192 938 338 998 Galenus
359 936 402 996 &
428 935 616 995 Avicenna.

220 987 443 1047 LAPILLI
463 986 497 1046 ex
524 986 632 1046 capite
652 986 849 1046 limacum,
862 986 896 1046 &
910 985 1160 1045 grandiorum

184 1037 394 1097 cochlearum
405 1036 519 1096 eruti,
536 1035 798 1095 stranguriosis
821 1036 969 1096 urinam
986 1035 1157 1095 moliun¬

188 1088 272 1148 tur,
284 1087 385 1147 illius
404 1085 553 1145 meatus
565 1084 828 1144 lubricando,
840 1084 864 1144 si
882 1084 1110 1144 comminuti
1127 1085 1163 1145 ex

175 1138 279 1198 vino
300 1136 561 1196 exhibeantur.
572 1135 801 1195 Auxiliantur
822 1135 931 1195 etiam
953 1135 1159 1195 parturien¬

184 1187 317 1247 tibus,
329 1189 494 1249 laxando
526 1189 564 1249 &
576 1189 773 1249 dilatando
798 1187 1014 1247 mulieribus
1033 1186 1165 1246 locos.

174 1237 386 1297 Mizaldus.

237 1289 381 1349 LAPIS
410 1289 453 1349 ex
474 1289 590 1349 capite
618 1289 771 1349 vulturis
792 1288 958 1348 repertus
979 1286 1022 1346 ad
1045 1285 1159 1345 quos¬

179 1339 342 1399 cunque
358 1339 498 1399 noxios
521 1339 621 1399 casus
638 1337 739 1397 utilis
762 1337 817 1397 est.
828 1337 862 1397 Et
879 1336 941 1396 qui
963 1336 991 1396 in
1007 1336 1103 1396 nido
1120 1337 1164 1397 u¬

188 1391 288 1451 pupę
305 1391 505 1451 invenitur,
517 1388 746 1448 secretorum
764 1387 946 1447 proditor
964 1387 1029 1447 esse
1046 1389 1175 1449 fertur,

181 1442 327 1502 pectori
345 1441 574 1501 dormientis
591 1439 872 1499 superpositus.
890 1437 1071 1497 Alberius.

240 1490 389 1550 LAPIS
412 1490 578 1550 exemtus
596 1490 608 1550 è
632 1490 750 1550 capite
768 1489 947 1549 piscium,
964 1489 1029 1549 qui
1048 1489 1160 1549 aselli,

185 1540 248 1600 seu
271 1540 374 1600 ὀνίσκοι
385 1540 584 1600 vocantur,
596 1540 704 1600 nobis
721 1540 806 1600 verò
830 1540 1006 1600 merlucii,
1018 1540 1160 1600 febrem

182 1591 291 1651 tollit
308 1591 556 1651 adalligatus.
568 1589 718 1649 Plinius.

241 1642 358 1702 Lapis
384 1642 625 1702 LYNCHRII
651 1642 683 1702 in
710 1640 892 1700 carbones
918 1639 1061 1699 ignitos
1087 1639 1171 1699 pro¬

172 1690 318 1750 jectus,
330 1691 424 1751 illos
441 1691 646 1751 extinguit:
658 1691 809 1751 tantum
827 1691 956 1751 abest,
974 1690 1008 1750 ut
1026 1690 1067 1750 ab
1091 1690 1160 1750 illis

181 1741 414 1801 insumatur.
425 1742 494 1802 Nec
511 1741 545 1801 id
562 1741 681 1801 solùm
698 1741 812 1801 habet
829 1741 892 1801 rari
915 1739 1091 1799 miraculi:
1102 1739 1159 1799 sed

184 1792 213 1852 si
230 1792 307 1852 quis
330 1792 424 1852 hanc
441 1792 634 1852 gemmam
651 1792 856 1852 panniculo
880 1790 1108 1850 obvolutam
1125 1790 1160 1850 in

183 1841 352 1901 eosdem
368 1840 554 1900 carbones
576 1840 783 1900 detruserit,
794 1840 843 1900 non
859 1841 1001 1901 tantùm
1023 1840 1094 1900 illa,
1106 1840 1165 1900 sed

191 1891 414 1951 panuiculus
437 1888 563 1948 quoque
580 1888 712 1948 illaesus
729 1889 993 1949 conservatur.
1010 1891 1165 1951 Prodest

187 1941 299 2001 etiam
315 1940 350 2000 in
366 1937 590 1997 mulicribus
608 1937 641 1997 in
658 1937 787 1997 enixu.
798 1939 1022 1999 Epiphanius.

233 1990 351 2050 CUM
375 1988 549 2048 primùm
568 1988 741 2048 infantes
766 1988 803 2048 ex
828 1988 933 2048 utero
952 1991 1163 2051 prodeunt.

185 2039 288 2099 ptius
300 2039 415 2099 quàm
433 2039 573 2099 aliquid
591 2039 768 2099 gustent,
780 2039 926 2099 torallii
944 2041 1157 2101 scrupulum

188 2089 391 2149 dimidium
409 2090 613 2150 diligenter
636 2090 758 2150 tritum
787 2090 869 2150 cum
892 2090 985 2150 lacte
1008 2092 1154 2152 nutricis

181 2140 400 2200 hauserint,
412 2140 614 2200 nunquam
638 2141 857 2201 epilepsiam
875 2143 1083 2203 incuirent.
1101 2142 1160 2202 Ar¬

192 2189 336 2249 noldus.

236 2242 455 2302 GAGATES
482 2242 702 2302 hydropicis
722 2240 886 2300 confert,
900 2242 1044 2302 fluidos
1058 2242 1160 2302 den¬

183 2288 237 2348 tes
255 2290 401 2350 firmat,
419 2291 461 2351 &
474 2291 601 2351 suffitu
632 2291 693 2351 per
717 2291 862 2351 inserna
887 2291 905 2351 à
929 2291 1154 2351 mulicribus

183 2341 379 2401 exceptus,
392 2342 439 2402 vel
458 2342 565 2402 etiam
582 2342 797 2402 impositus,
809 2342 994 2402 menstrua
1018 2343 1161 2403 provo¬

182 2392 263 2452 cat.
280 2390 469 2450 Alberius.

236 2444 445 2504 AETITIS
470 2444 561 2504 lapis
581 2444 698 2504 verus,
711 2443 744 2503 in
763 2443 972 2503 aquilarum
991 2444 1082 2504 nido
1102 2444 1160 2504 re¬

187 2492 339 2552 pertus,
362 2494 385 2554 si
403 2494 543 2554 femori
567 2494 859 2554 parturientium
882 2494 1157 2554 admoveatur,

178 2542 323 2602 interna
346 2543 458 2603 parte,
470 2545 542 2605 non
564 2545 694 2605 procul
716 2545 727 2605 à
750 2545 862 2605 pube,
874 2545 1087 2605 expeditum
1103 2546 1159 2606 fa¬

170 2593 333 2653 cilemque
351 2594 459 2654 partum
471 2594 537 2654 illis
561 2594 808 2654 procurabit,
820 2594 923 2654 nulla
947 2596 1157 2656 propemo¬

183 2640 270 2700 dum
294 2642 457 2702 enitendi
475 2644 720 2704 difficultate.
749 2644 877 2704 Quod
901 2644 930 2704 se
959 2646 1152 2706 expertum

177 2690 279 2750 fuisse
296 2692 331 2752 in
348 2693 513 2753 quadam
530 2692 690 2752 heroina
707 2692 821 2752 tradit
838 2693 1033 2753 Lemnius.
1044 2696 1146 2756 Idem

179 2740 283 2800 collo
301 2741 324 2801 si
342 2743 592 2803 appendatur,
604 2743 661 2803 aut
680 2741 842 2801 pectori,
854 2741 906 2801 vel
924 2743 1075 2803 brachio
1098 2746 1150 2806 al¬

175 2790 309 2850 ligetur
333 2792 364 2852 ea
388 2794 504 2854 parte,
516 2794 583 2854 qua
602 2793 614 2853 à
632 2792 742 2852 corde
767 2791 889 2851 versùs
907 2792 1066 2852 digitum
1084 2796 1151 2856 an¬

165 2840 346 2900 nulatem
362 2842 489 2902 arteria
511 2842 692 2902 decurrit,
709 2842 880 2902 foeminis
901 2845 1088 2905 lubricum
1105 2848 1148 2908 u¬

176 2890 299 2950 terum
317 2891 559 2951 habentibus,
571 2891 641 2951 vim
665 2893 912 2953 concipiendi
935 2895 1065 2955 adfert.
1083 2896 1118 2956 Et
1136 2898 1159 2958 si

176 2939 403 2999 gestationis
420 2941 589 3001 tempore
607 2942 647 3002 iis
670 2944 834 3004 partibus
851 2945 1066 3005 incumbat,
1078 2947 1147 3007 foe¬

174 2990 260 3050 tum
279 2990 396 3050 fulcit,
410 2990 446 3050 ut
465 2992 564 3052 nulla
583 2992 620 3052 sit
632 2993 731 3053 illius
750 2995 967 3055 excutiendi
979 2998 1146 3058 trepida¬

170 3041 253 3101 tio.
265 3040 438 3100 Lemnius.

193 3092 446 3152 LAPILLUS
471 3092 501 3152 in
520 3094 638 3154 capite
662 3094 878 3154 canerorum
897 3097 1082 3157 reperitur
1094 3100 1143 3160 fi¬

177 3143 267 3203 gura
289 3142 440 3202 planus,
451 3142 513 3202 qui
529 3143 708 3203 acertimo
725 3143 832 3203 aceto
849 3146 1033 3206 immissus
1055 3151 1150 3211 mo¬

169 3188 250 3248 tum
268 3193 507 3253 manifestum
531 3196 665 3256 habere
688 3196 997 3256 deprehenditur.
1009 3197 1044 3257 *
1056 3197 1143 3257 Hu¬

175 3242 227 3302 jus
254 3248 399 3308 pulvere
425 3250 544 3310 audio
570 3248 709 3308 multos
729 3248 900 3308 foeliciter
920 3248 973 3308 uti
986 3251 1032 3311 ad
1052 3255 1144 3315 coa¬

1185 138 1970 237 [A] terendos renum calculos. Mizaldus.
1272 211 2211 279 GAGATIS lapidis pulvisculus si in tenuissi¬
1223 270 2217 329 mum pollinem redactus, iejunae mulicri ex vino
1225 320 2217 380 albo exhibeatur, statim manifestabit, si sit in¬
1236 371 2203 437 corrupta, vel puerperio, aut aliter maculata. Nam
1227 429 2219 494 si illico lotium ei promoverit, corruptae virgini¬
1228 471 2225 538 tatis indicium erit: sin minùs, contrarium polli¬
1232 524 2219 581 cebitur. Idem etiam praestabit surcinum album,
1224 572 2212 638 seu ambra, quo dictum est modò parata, & ex¬
1219 634 2220 697 hibita. Cęterum globuli è succino, ad oculorum
1170 663 2224 753 [B] defluxiones miro successu auxiliantur, annexi.
1225 735 2203 797 occipitio. Iidem etiam collo gestati praepediunt,
1233 787 2229 851 ne destillationes in guttur fetantur. Bapt. Porta
1224 829 1532 897 & Matthiolus.
1287 845 2219 940 CRYSTALLINUS lapis in tenuissimum pol¬
1236 926 2223 1005 linem deductus, & ex iusculo quopiam, aut vi¬
1235 970 2222 1054 no, mulicri lactanti exhibitus, illius ubera lacte
1240 1033 1856 1100 plurimo foecundat. Mizaldus.
1436 1085 2013 1185 De lapidibus purgantibus.
1166 1145 2220 1257 [C] MAGNES (German. ein Magnet. Iral. calamita
1226 1232 2216 1296 piodra) optimus est qui ferrum facilè trahit, co¬
1224 1284 2212 1350 lore ad caeruleum vergente, densus, & non ad¬
1225 1334 2221 1396 modum gravis. * Vim habet crassos humores
1233 1388 2205 1443 educendi, si cum aqua mulsa. pondere trium o¬
1237 1435 2224 1508 bolorum detui. Sunt qui magnetem crematum
1233 1483 1865 1552 pro haematitè vendant. Dioscor.
1255 1522 2232 1590 Lapis ARMENIUS, Italis Verdazuro quasi vi¬
1238 1589 2218 1651 tide caetuleum dicas: Arabibus Hager armini. In¬
1224 1638 2229 1707 terrogatitamen Armeni, an apud eos nascere.
1221 1687 2221 1752 [D] tur hic lapis, affirmare non potuerunt. Sed Tur¬
1236 1739 2215 1803 ci & Periae medici dixerunt, exigua quidem quan¬
1226 1788 2219 1859 titate apud se vidisse, verùm ignorare, num ex
1223 1830 2222 1899 Armenia adferretur, nec ne. Ajunt multos inve¬
1234 1889 2212 1948 niri in ultabado urbe celebri regdi Balaguate.
1233 1939 2223 2004 Hic lapis tametsi ex Armenia non advehatur:
1233 1990 2225 2061 multi tamen exissimant, eo qui ex Germania
1235 2041 2220 2112 adfertur, uti nos posse, eo delecto, qui est laevis,
1237 2090 2215 2145 colore caeruleo, perquàm aequabilis, & friabi¬
1233 2139 2219 2205 lis. Sed cùm nec ejus sit magna copia, ejus loco
1175 2170 2211 2256 [E] lapidem Lazuli usurpabimus. *Melancholiam
1224 2244 2222 2308 purgat innoxiè & validè: sed tamen vomitum
1237 2294 2220 2354 excitat. cujus causa plerunque est pulvis ad¬
1218 2334 2214 2401 mistus, ideò saepè aqua pura lavari debet. Pon¬
1225 2391 2217 2452 dus ejus est sextula; hoc est, scrupuli quatuor,
1220 2443 2223 2504 aut paulò plus minusve, pro sumentis viribus.
1228 2497 2222 2548 Florentini, Dioscorides, cardanus; & Garcias eb
1233 2544 1368 2604 Horto.
1274 2594 2222 2662 Lapis LAZULI, quem Graeci Cyaneum, Itali
1220 2629 2208 2707 Azur colcramarino, hoc est, caerulcum transmari¬
1166 2677 2219 2759 [F] num appellant, lapis est caerulei coloris, qui in
1215 2748 2216 2804 aerariis, argentariis, & aurariis venis reperitur.
1219 2791 2217 2863 Optimus est, qui in aurariis oritur, saturi colo¬
1211 2844 2205 2914 ris, maculas quasdam aureas stellarum modo ra¬
1217 2896 2203 2960 diantes habens, qualis is esse solet, è quo fit co¬
1224 2944 2200 3011 lor ille caeruleus. Hujus usus esse debet, magna
1212 3001 2204 3066 cura adhibita, ne factitii pro eo sumantur: hos
1216 3051 2203 3115 enim pictoribus relinquere debemus, nativoque
1214 3100 2212 3153 uti, postquam benè lotus erit. Lavatur, ut Cad¬
1208 3154 2204 3210 mia: uritur, ut Chalcitis. * Vim habet reprimen¬
1222 3199 2181 3255 tem, & modicè crodentem crustas gignit & exul¬
1219 3251 2193 3332 cerat. Purgat melancholiam egregie, sed magis
2040 3302 2208 3373 turbat
