2479 3508
251 114 321 174 79

790 105 1206 165 Antidotarii
1229 106 1502 166 specialis
1537 109 1680 169 Lib.
1704 109 1751 169 I.

2238 126 2365 182 80
226 193 1235 238 alvum turbat, in vino aut aqua sumptus: stoma¬
206 229 1236 290 thum malè habet. Additur acopis & smegma¬
214 288 1236 334 tis, quae albandi capilli gratia componuntur. Et
211 338 250 398 in
270 337 486 397 universum
506 335 591 395 aeris
616 334 676 394 est,
682 334 722 394 &
735 332 911 392 ferveniis
931 332 1095 392 naturae,
1108 332 1140 392 ut
1160 333 1220 393 sal¬

219 389 338 449 Porrò
367 389 429 449 qui
444 388 599 448 propriè
619 386 697 446 flos
718 385 802 445 salis
823 383 984 443 dicitur,
999 382 1033 442 in
1054 382 1138 442 salis
1160 382 1224 442 fo¬

219 442 320 502 dinis
340 440 543 500 reperitur,
563 439 597 499 &
617 438 657 498 in
671 437 759 497 ipsis
779 436 894 496 etiam
907 434 1083 494 salignis.
1097 434 1218 494 Medici

214 491 420 551 dolonienses
437 490 478 550 &
495 488 718 548 Dioscorides.

250 541 425 601 AMBRA
450 541 486 601 &
498 539 723 599 AMBARUM
747 538 904 598 Latinis,
916 538 1056 598 Ambar
1080 538 1208 598 Arabi¬

207 592 282 652 bus
305 592 459 652 dicitur:
488 590 568 650 quo
585 590 751 650 nomine
768 590 974 650 omnibus,
985 590 1076 650 quas
1094 590 1208 650 sciam

197 641 435 701 nationibus
451 641 556 701 notum
573 643 644 703 est,
662 643 728 703 aut
744 643 889 703 variato
911 643 1093 703 duntaxat
1116 640 1209 700 pau¬

197 694 324 754 lulum
343 694 561 754 vocabulo.
573 694 682 754 Varia
700 695 827 755 autem
845 695 943 755 circa
967 695 1076 755 hujus
1094 694 1197 754 gene

200 745 401 805 rationem
419 746 662 806 Scriptorum
686 746 727 806 est
750 746 911 806 opinio.
928 746 1136 806 Siquidem
1153 746 1218 806 alii

214 796 359 856 sperma
382 796 533 856 Balenae
550 796 617 856 esse
634 796 785 856 asserunt:
797 796 857 856 alii
869 796 995 856 beluae
1013 797 1217 857 cujusdam

199 845 363 905 marinae
386 847 693 907 excrementum,
711 848 767 908 aut
784 850 898 910 maris
915 850 1108 910 spumam:
1120 850 1210 910 (quę

210 898 295 958 sanè
313 900 520 960 opiniones
539 901 691 961 ratione
710 901 862 961 carent,
881 901 917 961 quod
929 901 1046 961 nullum
1058 899 1204 959 Amba¬

198 949 286 1009 rum
304 950 540 1010 inveniatur,
551 952 616 1012 ubi
634 952 922 1012 frequentissimae
933 952 1022 1012 sunt
1039 953 1204 1013 Balenae,

210 1000 252 1060 &
264 1000 330 1060 ubi
342 1002 541 1062 fluctuum
559 1003 872 1063 reciprocatione
890 1004 1022 1064 spuma
1047 1004 1203 1064 plurima

206 1051 429 1111 excitatur)
453 1052 521 1112 alii
539 1054 744 1114 bituminis
762 1055 890 1115 modo
914 1055 951 1115 ex
969 1054 1084 1114 maris
1102 1054 1211 1114 alveo

203 1102 416 1162 emanare:
436 1105 520 1165 quae
539 1106 675 1166 opinio
695 1108 850 1168 melior,
869 1108 901 1168 &
921 1106 1070 1166 veritati
1089 1105 1211 1165 magis

216 1154 389 1214 consona
407 1156 568 1216 plerisque
580 1157 652 1217 visa
676 1157 735 1217 est.
759 1157 927 1217 Avicenna
944 1157 1010 1217 lib.
1022 1157 1046 1217 2.
1058 1157 1136 1217 cap.
1147 1156 1201 1216 63.

211 1204 249 1264 &
268 1206 422 1266 Serapio
441 1207 506 1267 lib.
518 1208 647 1268 Simpl.
660 1208 743 1268 camp.
749 1208 826 1268 196.
846 1208 1025 1268 scriptum
1045 1208 1205 1268 relique¬

204 1255 313 1315 runt,
325 1258 504 1318 fungorum
516 1259 550 1319 in
568 1261 701 1321 rupib.
712 1259 752 1319 &
764 1259 972 1319 arboribus
989 1258 1093 1318 more
1116 1258 1208 1318 Am¬

197 1307 336 1367 barum
361 1309 397 1369 in
421 1310 523 1370 mari
548 1312 747 1372 generari,
765 1312 802 1372 &
814 1312 1109 1372 tempestatibus
1127 1312 1206 1372 unà

207 1357 298 1417 cum
316 1360 407 1420 saxis
430 1361 619 1421 interdum
636 1361 671 1421 in
688 1361 791 1421 littus
813 1361 905 1421 ejici:
922 1363 1008 1423 quae
1019 1363 1202 1423 sententia

212 1411 447 1471 verisimilior
471 1412 512 1472 est
536 1414 689 1474 reliquis
713 1414 754 1474 ab
777 1414 972 1474 Avicenna
995 1414 1213 1474 productis.

204 1460 309 1520 Nam
327 1462 468 1522 multum
487 1463 675 1523 flantibus
692 1463 816 1523 Euris,
828 1463 969 1523 magna
987 1465 1069 1525 ejus
1087 1466 1198 1526 copia

203 1510 405 1570 Sofalam,
418 1512 453 1572 &
465 1513 501 1573 in
513 1514 656 1574 insulas
680 1516 870 1576 Comaro,
882 1517 1103 1577 Demgoxa,
1109 1516 1198 1576 Mo¬

205 1563 448 1623 sambicam,
460 1565 644 1625 totamque
662 1567 741 1627 cum
759 1567 888 1627 tractum
900 1568 1058 1628 ejicitur,
1071 1568 1089 1628 è
1108 1568 1199 1628 Mal¬

205 1612 301 1672 divis
320 1615 466 1675 insulis,
478 1618 561 1678 quae
580 1618 625 1678 ad
644 1619 841 1679 Orientem
860 1619 1044 1679 spectant.
1057 1621 1196 1681 Flanti¬

204 1663 275 1723 bus
301 1665 386 1725 verò
405 1668 600 1728 Favoniis,
607 1670 776 1730 copiosè
788 1670 984 1730 invenitur
1003 1672 1035 1732 in
1049 1672 1199 1732 insulis,

206 1716 296 1776 quae
308 1718 430 1778 vulgò
454 1720 491 1780 de
509 1720 678 1780 Maldiva
696 1721 1000 1781 nuncupantur,
1018 1724 1206 1784 corrupto

202 1769 425 1829 vocabuio,
437 1771 525 1831 cùm
542 1772 589 1832 de
607 1772 789 1832 Nalediva
813 1772 1018 1832 dicendum
1036 1774 1100 1834 sit:
1118 1774 1200 1834 ete¬

193 1818 285 1878 nim
303 1820 396 1880 Nale
414 1822 543 1882 lingua
556 1822 790 1882 Malabarica
808 1823 1000 1883 significat
1018 1825 1208 1885 quatuor,

202 1867 242 1927 &
254 1870 365 1930 Diva,
371 1873 563 1933 insulam:
581 1874 779 1934 Nalediva
802 1874 918 1934 igitur
942 1875 1210 1935 pronuncian¬

203 1920 301 1980 dum
319 1922 418 1982 erat,
436 1924 546 1984 quasi
565 1924 699 1984 dicas:
718 1925 896 1985 Quatuor
914 1925 1080 1985 insulas,
1099 1927 1209 1987 simili

202 1969 317 2029 planè
334 1973 506 2033 ratione,
530 1975 598 2035 qua
621 1976 822 2036 Angediva
845 1976 1041 2036 vocamus
1058 1978 1121 2038 eas
1138 1978 1195 2038 in¬

202 2020 317 2080 sulas,
329 2023 420 2083 quae
438 2024 450 2084 à
473 2026 559 2086 Goa
577 2026 789 2086 Orientalis
807 2027 928 2087 Indiae
945 2029 1135 2089 emporio,
1147 2034 1198 2094 12.

192 2072 313 2132 leucis
337 2074 488 2134 distant,
506 2077 615 2137 quòd
633 2078 808 2138 quinque
826 2080 899 2140 sint
917 2081 1073 2141 numero
1097 2083 1194 2143 con¬

192 2123 383 2183 terminae.
414 2127 531 2187 Ange
549 2128 648 2188 enim
667 2129 802 2189 eorum
822 2131 957 2191 lingua
982 2132 1124 2192 quinque
1136 2136 1198 2196 est.

199 2172 284 2232 Sed
302 2175 386 2235 haec
411 2179 543 2239 praeter
568 2180 809 2240 institutum:
833 2182 912 2242 non
936 2183 1057 2243 potui
1069 2186 1202 2246 tamen

202 2225 347 2285 horum
364 2228 445 2288 non
463 2231 706 2291 meminisse,
723 2233 810 2293 cùm
833 2233 874 2293 in
897 2234 1064 2294 Maldiva
1088 2236 1203 2296 men¬

187 2275 342 2335 tionem
360 2280 596 2340 incidissem.
621 2282 807 2342 Scribunt
819 2284 962 2344 iisdem
980 2285 1074 2345 locis
1092 2287 1197 2347 suprà

202 2329 357 2389 citatis,
368 2332 585 2392 Ambarum
602 2335 779 2395 devorari
802 2335 819 2395 à
836 2336 933 2396 pisce
951 2338 1128 2398 quodam
1145 2339 1197 2399 A¬

194 2379 257 2439 zel
275 2383 523 2443 nuncupato,
534 2384 598 2444 sed
621 2386 684 2446 qui
708 2386 748 2446 eo
772 2387 979 2447 devorato,
991 2389 1118 2449 statim
1136 2389 1200 2449 ex¬

198 2432 420 2492 tinguatur.
448 2435 567 2495 Hunc
584 2437 726 2497 deinde
743 2437 851 2497 undis
869 2440 1119 2500 fluctuantem
1136 2441 1192 2501 re¬

193 2483 330 2543 gionis
347 2484 448 2544 illius
465 2485 607 2545 incolae
626 2487 732 2547 uncis
750 2488 780 2548 in
797 2489 940 2549 siccum
957 2492 1129 2552 trahunt,
1141 2493 1207 2553 eo¬

201 2533 276 2593 que
297 2536 521 2596 exenterato
542 2537 750 2597 Ambarum
771 2539 984 2599 colligunt:
1000 2542 1128 2602 verùm
1143 2545 1192 2605 o¬

186 2584 278 2644 mne
296 2587 537 2647 improbari,
555 2590 679 2650 praeter
704 2590 747 2650 id
765 2591 876 2651 quod
889 2591 1006 2651 spinae
1024 2594 1190 2654 adhaese.

192 2634 260 2694 rit,
271 2635 300 2695 id
323 2638 419 2698 enim
441 2639 504 2699 pro
521 2639 708 2699 temporis
731 2642 975 2702 diuturnitate
997 2646 1133 2706 purum
1150 2650 1190 2710 &

197 2686 413 2746 legitimum
437 2690 518 2750 esse.
536 2690 606 2750 Sed
623 2692 700 2752 haec
717 2693 851 2753 eorum
869 2695 1004 2755 opinio
1027 2698 1185 2758 enonea

191 2740 289 2800 mihi
306 2740 474 2800 videtur.
508 2741 611 2801 Nam
629 2743 749 2803 veluti
767 2744 905 2804 certum
928 2746 991 2806 est,
1003 2749 1187 2809 animalia

186 2791 358 2851 quaerere
380 2791 606 2851 alimentum
627 2794 772 2854 naturae
788 2795 864 2855 suae
880 2798 1133 2858 conveniens,
1149 2801 1186 2861 &

198 2840 359 2900 minimè
377 2842 537 2902 noxium
561 2843 644 2903 (nisi
663 2845 758 2905 fortè
775 2846 865 2906 cibis
883 2848 1050 2908 innoxiis
1067 2851 1186 2911 admi¬

193 2888 252 2948 sto
274 2893 536 2953 decipiantur,
552 2897 896 2957 quemadmodum
912 2900 1038 2960 mures
1059 2902 1179 2962 fallere

190 2940 387 3000 solemus)
399 2942 441 3002 sic
458 2944 572 3004 etiam
590 2948 906 3008 haudquaquam
918 2953 1115 3013 verisimile
1133 2954 1186 3014 vi¬

197 2992 325 3052 detui,
342 2992 441 3052 hunc
453 2995 592 3055 piscem
615 2999 789 3059 Ambarum
801 3001 940 3061 venari,
958 3003 981 3063 si
993 3004 1039 3064 eo
1056 3004 1178 3064 devo¬

182 3043 266 3103 rato
294 3043 334 3103 sit
351 3044 548 3104 periturus.
560 3047 645 3107 Imò
662 3049 746 3109 cùm
763 3052 978 3112 Ambarum
995 3054 1040 3114 sit
1057 3055 1096 3115 ex
1119 3053 1187 3113 eo¬

186 3094 273 3154 rum
297 3096 471 3156 numero,
489 3098 576 3158 quae
588 3100 750 3160 maximè
768 3103 891 3163 cordis
914 3105 1001 3165 vires
1019 3108 1181 3168 refieiunt,

192 3146 349 3206 dixerim
366 3148 465 3208 hunc
483 3151 622 3211 piscem
645 3154 954 3214 praesentancum
977 3157 1040 3217 esse
1058 3158 1180 3218 vene¬

185 3195 301 3255 num,
318 3200 641 3260 quandoquidem
658 3203 736 3263 tam
753 3205 892 3265 eximio
914 3208 1104 3268 medicam
1115 3212 1182 3272 en¬

180 3247 228 3307 to
253 3250 436 3310 devorato
461 3253 559 3313 perit.
571 3254 705 3314 Scribit
724 3256 902 3316 Averrois
914 3259 944 3319 5.
957 3259 1085 3319 collig.
1097 3263 1183 3323 cap.

183 3302 248 3362 36.
262 3305 461 3365 Caphurae
475 3308 594 3368 genus
608 3311 774 3371 inveniri
787 3313 919 3373 natum
940 3314 973 3374 in
993 3316 1105 3376 maris
1126 3316 1185 3376 al¬

1261 188 2399 257 [A] veo, quod deinde aquis supernatet: lau datissi¬
1236 223 2390 293 mum verò id censeri, quod Arabibus Ascap di¬
1236 302 2390 326 citur. Quàm verò ejus opinio à veritate sit alie¬
1292 331 1357 391 na,
1371 332 1404 392 &
1418 334 1524 394 tanto
1550 334 1623 394 viro
1649 333 1835 393 insignique
1849 331 2088 391 Philosopho
2114 331 2160 391 in
2173 332 2379 392 digna,

1294 382 1439 442 clarius
1459 385 1518 445 est,
1532 385 1644 445 quàm
1657 385 1697 445 ut
1717 383 1849 443 multis
1869 382 2127 442 demonstrati
2147 382 2173 442 d
2194 384 2378 444 ebeat,

1281 436 1478 496 primùm,
1496 436 1610 496 quòd
1634 436 1855 496 Caphuram
1873 436 1916 496 in
1934 434 2173 494 marinasci
2197 436 2346 496 dicat

1284 487 1441 547 deinde,
1459 487 1561 547 quod
1580 487 1718 547 eandem,
1730 487 1814 547 quae
1826 487 1964 547 frigida
1989 487 2031 547 est
2055 487 2085 547 &
2103 487 2133 547 si
2145 487 2248 547 cca-
2253 487 2368 547 ten¬

1283 538 1339 598 tio
1357 539 1501 599 gradu,
1514 539 1676 599 Ambari
1689 539 1807 599 genus
1826 539 1956 599 faciat;
1975 538 2088 598 quod
2107 537 2294 597 calidum
2319 535 2368 595 &

1287 589 1429 649 sictum
1452 590 1646 650 constituit
1663 590 1835 650 secundo
1858 589 2006 649 ordine.
2023 589 2354 649 Subjiciemus

1289 640 1381 700 verò
1398 641 1588 701 nonnulla
1611 641 1836 701 vocabula,
1853 641 1939 701 quae
1956 641 2054 701 apud
2077 641 2370 701 Serapionem

1247 692 1258 752 3
1286 692 1331 752 &
1347 692 1588 752 Avicennam
1605 692 1823 752 occurrunt.
1834 692 2013 752 Magnam
2035 692 2119 752 ejus
2141 692 2354 752 copiam

1290 743 1330 803 ex
1348 743 1511 803 regione
1529 743 1628 803 Zing
1645 743 1797 803 Serapio
1820 743 1885 803 lib.
1896 743 2025 803 Simpl.
2036 743 2124 803 cap.
2135 743 2235 803 196.
2246 743 2340 803 ad¬

1280 794 1365 854 ferri
1384 796 1518 856 asstrit.
1531 796 1616 856 Haec
1635 796 1677 856 est
1696 795 1843 855 Sofala.
1855 794 1904 854 Na
1929 794 2076 854 Zingue
2100 794 2174 854 aut
2198 795 2339 855 Zan¬

1284 850 1368 910 gue
1386 847 1501 907 Persis
1525 847 1556 907 &
1574 845 1738 905 Arabib.
1744 845 1847 905 idem
1865 845 2084 905 significat,
2096 847 2235 907 quod
2259 845 2332 905 ni¬

1276 899 1343 959 ger
1361 898 1536 958 Latinis:
1547 898 1592 958 &
1604 898 1762 958 quoniam
1774 898 1876 958 totus
1898 898 1955 958 ille
1977 896 2215 956 maritimus
2238 894 2340 954 Ac¬

1269 949 1440 1009 thiopiae
1457 950 1593 1010 tractus
1616 950 1628 1010 a
1652 950 1764 1010 nigris
1787 950 1994 1010 intolitur,
2005 950 2182 1010 Serapio
2205 950 2317 1010 eum

1278 1000 1437 1060 Zingue
1455 1001 1579 1061 vocat.
1591 1001 1644 1061 Sic
1656 1001 1851 1061 Avvcenna
1869 1000 1939 1060 lib.
1945 1000 1975 1060 2.
1987 1000 2063 1060 cap.
2075 1001 2117 1061 63
2146 1001 2335 1061 epithae¬

1284 1051 1358 1111 ton
1375 1052 1426 1112 illi
1443 1052 1552 1112 addit
1569 1052 1803 1112 Almendeli,
1814 1052 1917 1112 quasi
1940 1052 1981 1112 de
1998 1053 2317 1113 Melinda:item

1272 1104 1575 1164 Salathiticum,
1588 1105 1600 1165 à
1612 1104 1749 1164 Zeilan
1766 1103 1862 1163 fortè
1879 1103 2148 1163 laudatissima
2171 1105 2338 1165 totius.

1289 1156 1461 1216 Orientis
1479 1157 1620 1217 insula,
1632 1156 1750 1216 quam
1774 1156 1872 1216 falsò
1891 1154 2026 1214 urbem
2045 1154 2112 1214 esse
2130 1156 2334 1216 Lacuna¬

1279 1207 1507 1267 comment.
1518 1208 1558 1268 in
1576 1208 1758 1268 Dioscor.
1775 1207 1838 1267 lib.
1849 1206 1873 1266 I.
1884 1205 1964 1265 cap.
1975 1205 2027 1265 20.
2038 1207 2306 1267 existimavit,

1277 1258 1362 1318 cùm
1380 1258 1420 1318 sit
1432 1259 1552 1319 insula
1575 1259 1702 1319 multis
1719 1258 1880 1318 urbibus
1903 1258 2064 1318 exculta.
2081 1259 2184 1319 Haec
2201 1259 2299 1319 sunt

1281 1309 1373 1369 quae
1389 1310 1433 1370 ab
1454 1310 1644 1370 Arabibus
1661 1309 1873 1369 traduntur:
1889 1309 2009 1369 nullus
2030 1310 2161 1370 autem
2188 1313 2290 1373 Grę¬

1285 1361 1433 1421 corum,
1445 1361 1566 1421 pręter
1583 1361 1738 1421 Aëtium
1755 1360 1869 1420 hujus
1893 1360 2082 1420 meminit.
2093 1362 2294 1422 Cęterùm

1285 1412 1365 1472 haee
1382 1412 1462 1472 mea
1485 1412 1531 1472 est
1548 1412 1709 1472 opinio:
1726 1412 1852 1472 Veluti
1869 1412 1938 1472 pro
1955 1412 2133 1472 regionum
2144 1415 2287 1475 natura

1269 1463 1369 1523 terta
1391 1465 1581 1525 interdum
1603 1463 1710 1523 rubra
1737 1463 1793 1523 est,
1804 1463 1837 1523 ut
1860 1463 1971 1523 bolus
1993 1463 2200 1523 Armenus:
2217 1466 2284 1526 in¬

1267 1513 1381 1573 terdum
1393 1516 1588 1576 candida,
1600 1516 1640 1576 ut
1657 1516 1777 1576 creta:
1794 1513 2047 1573 nonnunquam
2059 1514 2282 1574 nigricans:

1265 1567 1313 1627 sic
1331 1567 1529 1627 verisimile
1553 1567 1607 1627 est,
1619 1567 1679 1627 aut
1697 1567 1853 1627 insulas,
1865 1567 1925 1627 aut
1937 1567 2051 1627 terras
2075 1567 2207 1627 similis
2231 1568 2285 1628 cum

1270 1618 1454 1678 Ambaro
1477 1619 1608 1679 formae
1626 1619 1798 1679 inveniri,
1815 1618 1916 1678 quòd
1934 1618 2023 1678 terra
2047 1619 2083 1679 sit
2100 1619 2165 1679 aut
2178 1619 2278 1679 fun¬

1275 1670 1378 1730 gosa,
1391 1670 1452 1730 aut
1470 1669 1616 1729 alterius
1641 1669 1806 1729 generis.
1825 1667 1947 1727 Quod
1965 1669 2063 1729 verum
2075 1669 2142 1729 esse
2161 1671 2271 1731 testa¬

1264 1720 1338 1780 tur
1355 1720 1492 1780 magna
1509 1721 1606 1781 ejus,
1617 1720 1703 1780 quae
1714 1720 1909 1780 reperitur,
1926 1721 2132 1781 quantitas.
2143 1723 2268 1783 Siqui¬

1277 1769 1365 1829 dem
1388 1771 1546 1831 inventa
1569 1772 1651 1832 sunt
1675 1771 1833 1831 interdum
1851 1771 2068 1831 fragmenta
2085 1774 2267 1834 humanae

1265 1822 1577 1882 magnitudinis,
1594 1823 1793 1883 interdum
1810 1823 2025 1883 nonaginta
2048 1826 2269 1886 palmorum

1269 1874 1551 1934 longitudinis,
1563 1876 1833 1936 duodeviginti
1852 1876 1942 1936 vero
1960 1876 2068 1936 latitu
2080 1876 2188 1936 dinis.
2200 1879 2260 1939 Af¬

1270 1924 1443 1984 firmarunt
1460 1925 1644 1985 nonnulli
1663 1925 1692 1985 se
1710 1925 1841 1985 iniulam
1853 1927 1889 1987 ex
1912 1927 2007 1987 puro
2031 1928 2198 1988 Ambaro
2216 1930 2269 1990 vi¬

1270 1976 1390 2036 disse,
1408 1978 1528 2038 quàm
1546 1979 1630 2039 cùm
1648 1979 1779 2039 postea
1797 1979 2061 2039 requiterent,
2073 1981 2259 2041 nusquam

1272 2029 1508 2089 compatuerit.
1524 2030 1645 2090 Anno
1667 2030 1711 2090 M.
1722 2030 1766 2090 D.
1777 2030 1865 2090 LV.
1876 2032 1969 2092 circa
1992 2033 2266 2093 promontorium

1277 2080 1500 2140 Comorim,
1512 2081 1623 2141 quod
1641 2081 1653 2141 è
1671 2081 1830 2141 regione
1847 2081 2058 2141 insularum
2076 2082 2117 2142 de
2135 2084 2264 2144 Maldi¬

1268 2131 1316 2191 va
1339 2132 1411 2192 est,
1423 2134 1691 2194 fragmentum
1709 2132 1817 2192 trium
1835 2132 1907 2192 ferè
1924 2134 2086 2194 millium
2103 2137 2246 2197 pondo,

1259 2182 1462 2242 repertum
1486 2185 1552 2245 est:
1570 2185 1636 2245 sed
1654 2185 1738 2245 cùm
1756 2185 1803 2245 is,
1821 2185 1881 2245 qui
1899 2186 2108 2246 invenerat,
2121 2190 2246 2250 picem,

1270 2233 1335 2293 aut
1353 2235 1556 2295 bituminis
1574 2236 1693 2296 genus
1717 2237 1783 2297 esse
1800 2237 2045 2297 existimaret,
2057 2239 2116 2299 vili
2128 2239 2247 2299 admo¬

1270 2283 1362 2343 dum
1379 2286 1568 2346 vendidit.
1585 2288 1809 2348 Maximum
1826 2288 1907 2348 verò
1930 2289 2038 2349 quod
2056 2290 2188 2350 unquam
2194 2293 2239 2353 vi¬

1267 2336 1389 2396 derim
1408 2338 1690 2398 fragmentum,
1696 2339 1741 2399 xy
1760 2339 1875 2399 libras
1895 2339 2106 2399 pendebat.
2113 2342 2171 2402 Sed
2190 2343 2241 2403 qui

1265 2387 1308 2447 in
1327 2389 1579 2449 Aethiopiam
1597 2390 1826 2450 commercii
1844 2392 1949 2452 causa
1974 2392 2158 2452 navigant,
2171 2392 2252 2452 mul¬

1254 2440 1295 2500 tò
1323 2440 1469 2500 majora
1486 2441 1707 2501 fragmenta
1724 2441 1753 2501 se
1770 2441 1898 2501 vidisse
1921 2443 2130 2503 affirmant:
2142 2444 2234 2504 totus

1267 2489 1369 2549 enim
1393 2491 1453 2551 ille
1477 2492 1699 2552 Acthiopiae
1717 2494 1861 2554 tractus
1884 2494 1902 2554 à
1921 2494 2052 2554 Sofala
2082 2495 2124 2555 ad
2142 2497 2232 2557 Brava

1266 2542 1406 2602 usque,
1418 2542 1587 2602 Ambaro
1609 2543 1795 2603 abundat.
1806 2545 1997 2605 Invenitur
2020 2546 2126 2606 etiam
2144 2548 2233 2608 inter¬

1268 2593 1384 2653 dum,
1402 2594 1464 2654 sed
1482 2595 1588 2655 rarò,
1600 2596 1636 2656 in
1661 2596 1814 2656 Timot,
1827 2596 1864 2656 &
1876 2597 1914 2657 in
1932 2597 2061 2657 Brasil.
2092 2599 2227 2659 Etanno

1263 2644 1317 2704 M.
1323 2644 1365 2704 D.
1371 2645 1493 2705 XXX.
1499 2645 1699 2705 inventum
1718 2647 1790 2707 esse
1808 2647 1923 2707 audio
1948 2649 2197 2709 fragmentum
2209 2654 2239 2714 in

1264 2695 1428 2755 Setubal
1441 2698 1646 2758 Lusitaniae
1665 2699 1777 2759 pottu
1804 2699 1995 2759 Refertum
2014 2701 2100 2761 verò
2120 2702 2159 2762 ist
2179 2704 2238 2764 plo¬

1260 2747 1380 2807 runque
1397 2749 1522 2809 avium
1540 2749 1696 2809 rostris,
1708 2749 1809 2809 quas
1833 2750 1868 2810 in
1886 2750 1928 2810 eo
1952 2752 2119 2812 nidulati
2131 2755 2226 2815 credi¬

1261 2799 1342 2859 bile
1366 2800 1422 2860 est:
1435 2800 1634 2860 interdum
1652 2800 1864 2860 conchyliis
1882 2801 2025 2861 testisque
2044 2807 2230 2867 ostreorum

1264 2851 1464 2911 permixtum
1475 2852 1680 2912 invenitur,
1698 2852 1780 2912 quae
1797 2852 1979 2912 contactu
2002 2856 2160 2916 Ambaro
2179 2860 2232 2920 ad¬

1255 2902 1425 2962 haerent.
1455 2903 1576 2963 Porrò
1607 2903 1795 2963 optimum
1819 2905 2038 2965 Ambarum
2062 2910 2226 2970 censent,

1263 2953 1377 3013 quod
1396 2954 1409 3014 à
1428 2954 1574 3014 sordib.
1587 2956 1739 3016 maximè
1758 2956 2011 3016 repurgatum
2030 2959 2093 3019 est,
2106 2962 2221 3022 quodque

1269 3005 1478 3065 plurimum
1497 3007 1541 3067 ad
1561 3007 1769 3067 candorem
1789 3007 1947 3067 accedit,
1953 3010 2124 3070 videlicet
2143 3014 2219 3074 quod

1259 3056 1401 3116 cinerei
1415 3058 1452 3118 sit
1470 3058 1633 3118 coloris,
1645 3058 1701 3118 aut
1726 3059 1832 3119 quod
1850 3059 1888 3119 ex
1907 3060 2026 3120 venis,
2038 3062 2125 3122 nunc
2144 3065 2218 3125 cine.

1256 3109 1349 3169 reis,
1362 3109 1455 3169 nunc
1475 3109 1775 3169 candicantibus
1793 3110 1949 3170 constet,
1962 3112 2055 3172 leve,
2068 3117 2218 3177 quodque

1253 3159 1324 3219 acu
1343 3161 1579 3221 perfossum,
1599 3161 1732 3221 multum
1745 3161 1892 3221 oltacei
1905 3163 2071 3223 liquoris
2090 3168 2224 3228 resudet.

1255 3211 1422 3271 Nigrum
1441 3214 1705 3274 improbatur,
1725 3214 1899 3274 praeterta
1918 3217 2207 3277 candidissimum.

1242 3261 1335 3321 teste
1362 3265 1595 3325 Serapione,
1615 3266 1722 3326 quod
1748 3268 1868 3328 gypso
1895 3268 2149 3328 adulteratum
2162 3269 2208 3329 esse

1250 3319 1445 3379 existimo.
1465 3320 1523 3380 Est
1543 3322 1653 3382 etiam
1666 3322 1862 3382 factitium
1881 3322 1914 3382 ex
1940 3322 2116 3382 moscho,
2122 3323 2207 3383 zibet¬

2113 3381 2183 3416 to, li¬
