2479 3508
218 46 296 106 51

1063 33 1159 93 De
1195 34 1492 94 Marinis.

2239 42 2330 102 82

195 113 253 173 to,
266 110 376 170 ligno
396 107 526 167 aloes,
532 106 675 166 styrace
700 106 732 166 &
746 106 921 166 ladanno:
933 107 1037 167 odor
1057 107 1147 167 autem
1167 109 1225 169 re¬
1245 109 1277 169 A

189 166 297 226 rum,
309 164 344 224 ex
368 163 512 223 quibus
530 161 589 221 sit,
601 161 637 221 &
655 160 780 220 color,
798 160 864 220 qui
882 161 1097 221 plerunque
1114 162 1222 222 niger

200 218 259 278 est,
265 218 376 278 illum
393 217 558 277 prodit:
582 215 763 275 praeterea
793 214 910 274 aquae
922 215 1156 275 impositum
1175 217 1227 277 ci¬

188 272 266 332 tiùs
288 271 495 331 mollescit,
506 269 624 329 quam
641 269 831 329 nativum.
848 269 988 329 Magna
1005 269 1094 329 verò
1117 269 1150 329 in
1173 269 1223 329 ae¬

192 323 426 383 stimatione
445 323 492 383 est
511 323 619 383 apud
642 322 883 382 opulentiores
901 322 1045 382 Indos,
1063 322 1105 382 eo
1123 323 1231 383 enim

197 380 292 440 cibis
308 377 509 437 permixto
531 376 753 436 frequenter
776 376 932 436 utuntur
954 376 1226 436 medicamen¬

186 432 339 492 tiloco.
365 430 463 490 Ejus
482 430 611 490 autem
636 430 803 490 precium
821 430 1012 490 intenditur
1030 430 1098 490 pro
1117 428 1228 488 frag¬

195 484 422 544 mentorum
450 484 756 544 magnitudine,
785 484 941 544 quantò
963 484 1068 544 enim
1091 484 1218 544 majus

194 538 236 598 est
254 536 517 596 fragmentum,
536 536 646 596 tantò
664 536 744 596 ejus
762 536 945 596 intensius
971 538 1013 598 est
1037 538 1221 598 precium,

190 592 269 652 non
288 592 411 652 secus,
423 592 509 652 atque
521 590 558 650 in
577 590 761 650 gemmis.
773 589 847 649 Sed
866 589 1062 649 nusquam
1081 589 1228 649 majori

190 646 227 706 in
245 645 376 705 precio
401 644 463 704 est,
475 643 594 703 quàm
612 643 650 703 in
668 643 905 703 Chimarum
917 643 1098 703 regione.
1116 643 1222 703 Cùm
1247 644 1271 704 B

185 697 287 757 enim
317 698 329 758 à
359 698 503 758 nostris
533 697 725 757 Lusitanis
750 695 833 755 ejus
858 695 1002 755 exigua
1032 697 1140 757 copia
1170 698 1212 758 eò

198 751 313 811 delata
337 751 441 811 esset,
459 751 538 811 ejus
563 749 727 809 precium
745 749 819 809 fuit
837 749 934 809 mille
959 749 1129 809 quingenti
1148 751 1221 811 au¬

192 805 240 865 rei
258 805 288 865 in
306 803 462 863 singula
486 803 600 863 Cate,
612 803 720 863 quod
738 803 846 863 apud
864 803 930 863 eos
948 804 1134 864 ponderis
1152 805 1219 865 ge¬

191 859 255 919 nus
278 858 326 918 est
343 857 531 917 pendens
548 857 682 917 viginti
700 856 847 916 uncias.
858 856 981 916 Hujus
999 857 1092 917 lucri
1110 857 1215 917 cupi¬

199 910 309 970 ditate
327 910 479 970 deinde
496 910 560 970 alii
578 910 811 970 mercatores
834 910 968 970 allecti,
981 910 1097 970 tantam
1121 910 1213 970 Am¬

190 962 268 1022 bari
285 964 514 1024 detulerunt
531 964 576 1024 eò
599 964 771 1024 copiam,
783 964 817 1024 ut
839 964 940 1024 nunc
956 964 1079 1024 multò
1101 964 1213 1024 vilio¬

197 1018 230 1078 iis
246 1018 474 1078 aestimetur.
486 1018 608 1078 Porrò
624 1018 669 1078 de
691 1018 830 1078 Ambra
853 1018 1036 1078 Nicolaus
1053 1016 1219 1076 Monar¬

197 1070 244 1130 dis
262 1070 304 1130 sic
328 1069 511 1129 scriptum
536 1070 708 1130 reliquit:
731 1070 850 1130 Nunc
868 1070 980 1130 mittit
999 1070 1112 1130 nobis
1129 1069 1212 1129 Flo¬

192 1124 266 1184 tida
288 1124 397 1184 novis
420 1123 534 1183 Orbis
557 1124 751 1184 provincia
773 1124 933 1184 Ambar,
945 1124 1053 1184 quod
1070 1124 1224 1184 votant

209 1174 382 1234 Griseum,
394 1177 518 1237 idque
537 1177 572 1237 in
584 1177 685 1237 littus
710 1178 876 1238 ejectum
894 1177 1084 1237 invenitur
1108 1177 1121 1237 à
1144 1176 1222 1236 Ca¬
1234 1175 1269 1235 C

206 1229 344 1289 naveral
361 1229 407 1289 ad
436 1229 776 1289 promontorium
793 1229 879 1289 usque
896 1229 948 1289 D.
954 1229 1132 1289 Helenae.
1149 1228 1224 1288 Va¬

208 1283 244 1343 ria
262 1283 304 1343 est
322 1283 420 1343 circa
450 1283 529 1343 ejus
553 1283 705 1343 originem
717 1283 881 1343 opinio,
899 1283 960 1343 sed
978 1283 1215 1343 verissimum

213 1337 261 1397 est,
273 1337 470 1397 Bituminis
488 1337 614 1397 genus
638 1337 703 1397 esse
728 1337 769 1397 ex
794 1336 967 1396 fontibus
991 1336 1021 1396 in
1045 1336 1116 1396 alto
1140 1336 1218 1396 ma¬

198 1389 404 1449 nmanans,
422 1390 533 1450 quod
551 1390 628 1450 aëri
645 1390 886 1450 expositum,
898 1390 998 1450 illicò
1015 1391 1221 1451 densatur,

211 1441 241 1501 ut
253 1441 364 1501 solent
382 1444 590 1504 pleraque,
602 1444 688 1504 quae
706 1442 768 1502 sub
793 1442 946 1502 marinis
964 1442 1074 1502 aquis
1099 1444 1222 1504 tenel¬

215 1493 237 1553 la
248 1494 282 1554 &
293 1496 421 1556 mollia
449 1496 566 1556 sunt,
577 1496 617 1556 at
633 1496 734 1556 aqua
756 1495 907 1555 exemta
934 1496 1147 1556 derantur,
1169 1498 1213 1558 ut

222 1548 429 1608 Corallium,
440 1550 688 1610 Succinum.
721 1549 833 1609 Solus
856 1549 1018 1609 Simeon
1047 1549 1154 1609 Sethi
1176 1549 1209 1609 &

227 1598 328 1658 Aëius
339 1600 429 1660 inter
457 1601 614 1661 Graecos
637 1601 715 1661 ejus
732 1603 1029 1663 meminerunt,
1040 1603 1057 1663 è
1080 1603 1219 1663 quibus

234 1652 329 1712 pnor,
340 1655 541 1715 Bituminis
564 1655 687 1715 modo
714 1655 732 1715 è
754 1655 939 1715 fontibus
961 1655 1029 1715 suis
1051 1655 1213 1715 manare

226 1705 315 1765 asri;
334 1708 621 1768 pessimumque
641 1709 679 1769 id
698 1709 788 1769 esse,
801 1709 915 1769 quod
928 1709 940 1769 à
967 1709 1126 1769 piscibus
1151 1709 1266 1769 de¬D

222 1757 348 1817 foretur.
360 1760 456 1820 Inde
480 1763 714 1823 convellitur
732 1763 870 1823 eorum
888 1762 1044 1822 opinio,
1062 1762 1122 1822 qui
1146 1762 1212 1822 Ba¬

219 1811 358 1871 leuarum
376 1814 533 1874 sperma
551 1816 618 1876 esse
642 1817 794 1877 asserunt,
806 1817 842 1877 ex
867 1817 909 1877 eo
933 1817 1103 1877 decepti,
1115 1817 1224 1877 quòd

209 1864 383 1924 nierdum
405 1867 451 1927 in
467 1868 704 1928 Balenarum
727 1868 952 1928 ventriculis
975 1870 1217 1930 inveniatur,

202 1917 268 1977 quae
285 1919 378 1979 illud
406 1921 522 1981 aquis
544 1922 731 1982 innatans
753 1922 1056 1982 nonnunquam
1083 1922 1210 1982 devo¬

197 1971 295 2031 rant,
312 1975 553 2035 alimentum
576 1975 645 2035 esse
668 1976 955 2036 existimantes.
979 1976 1128 2036 Verum
1151 1978 1215 2038 est,

191 2025 269 2085 meo
285 2026 473 2086 tempore
496 2027 684 2087 Balenam
707 2027 801 2087 circa
823 2029 1012 2089 Canarias
1040 2030 1217 2090 captam,

193 2078 224 2138 in
243 2080 305 2140 qua
330 2081 505 2141 inventae
523 2081 610 2141 sunt
629 2082 716 2142 plus
735 2083 847 2143 quàm
872 2083 1040 2143 quatuor
1065 2083 1208 2143 Amba¬

206 2131 343 2191 ulibiae:
360 2134 498 2194 postea
515 2135 652 2195 tamen
669 2135 841 2195 infrnitas
858 2135 1018 2195 Balenas
1035 2137 1121 2197 cum
1144 2137 1212 2197 suis

206 2185 319 2245 catulis
337 2188 641 2248 interfecerunt,
658 2189 717 2249 sed
735 2189 831 2249 nihil
848 2189 1009 2249 Ambari
1027 2189 1062 2249 in
1087 2189 1134 2249 eis
1152 2189 1205 2249 in¬

194 2239 343 2299 rentum
360 2242 426 2302 est.
457 2242 558 2302 Non
575 2243 736 2303 desunt,
760 2243 832 2303 qui
855 2242 992 2302 Ambar
1022 2243 1058 2303 ex
1075 2243 1207 2303 fructu
1230 2245 1260 2305 E

204 2291 365 2351 quodam
388 2293 441 2353 ad
460 2294 579 2354 maris
602 2296 709 2356 littus
739 2296 923 2356 nascente
940 2296 1030 2356 fieri
1053 2297 1202 2357 dicant,

201 2344 261 2404 qui
273 2347 395 2407 Aprili
413 2348 449 2408 &
467 2349 576 2409 Majo
601 2350 794 2410 mensibus
813 2350 1031 2410 maturescit
1049 2350 1085 2410 &
1103 2350 1206 2410 odo¬

195 2398 282 2458 tatus
305 2399 364 2459 est,
376 2401 492 2461 quem
509 2402 754 2462 decidentem
772 2404 918 2464 vorant
935 2402 1098 2462 Balenae,
1116 2400 1210 2460 qua¬

197 2452 219 2512 si
236 2453 373 2513 fructus
390 2453 425 2513 in
448 2456 682 2516 alimentum
699 2458 853 2518 cedens,
864 2458 967 2518 aliud
990 2456 1104 2516 quàm
1127 2454 1212 2514 san¬

197 2504 340 2564 guinem
365 2506 400 2566 &
412 2509 574 2569 carnem
592 2511 777 2571 generare
795 2512 933 2572 possit.
957 2510 1118 2570 Optimi
1143 2509 1208 2569 de¬

197 2558 305 2618 lectus
327 2560 402 2620 est,
413 2561 453 2621 ut
470 2563 659 2623 nonnihil
676 2563 722 2623 ad
739 2564 967 2624 rubedinem
990 2564 1144 2624 tendat,
1161 2564 1212 2624 al¬

198 2611 309 2671 bum,
321 2614 408 2674 non
432 2616 543 2676 aequè
560 2618 741 2678 bonum,
760 2618 917 2678 nigrum
941 2617 1215 2677 deterrimum.

228 2665 471 2725 Excalefacit,
483 2671 656 2731 resolvit,
667 2672 852 2732 roborat,
864 2671 1107 2731 quocunque
1125 2669 1208 2729 tan¬

181 2717 269 2777 dem
286 2722 428 2782 merbo
451 2725 686 2785 applicetur:
703 2725 792 2785 nam
815 2724 927 2784 calidi
950 2723 992 2783 est
1015 2723 1208 2783 tempera¬

197 2770 315 2830 menti,
327 2772 364 2832 &
376 2774 476 2834 sirci,
488 2777 575 2837 cum
593 2777 835 2837 pinguedine
860 2777 1046 2837 quadam,
1053 2776 1139 2836 quae
1151 2776 1207 2836 illi
1232 2776 1257 2836 F

188 2825 407 2885 facultatem
423 2830 664 2890 emolliendi
687 2831 839 2891 tribuit.
872 2830 995 2890 Variae
1012 2830 1096 2890 sunt
1113 2829 1209 2889 Am¬

188 2878 262 2938 bari
273 2880 502 2940 facultates:
525 2882 633 2942 Nam
650 2883 736 2943 cum
759 2884 851 2944 oleo
873 2884 1022 2944 florum
1044 2884 1136 2944 mali
1159 2884 1204 2944 A¬

186 2931 290 2991 rantii
312 2934 345 2994 in
361 2936 476 2996 calente
498 2938 683 2998 mortario
706 2936 963 2996 permixtum,
979 2936 1012 2996 &
1022 2936 1208 2996 unguen¬

188 2984 349 3044 timodo
373 2988 493 3048 capiti
511 2990 654 3050 illitum
683 2992 785 3052 illius
803 2990 982 3050 dolorem
1000 2989 1119 3049 levat,
1138 2987 1203 3047 ce¬

187 3037 335 3097 rebrum
354 3041 536 3101 roborat,
549 3043 581 3103 &
601 3044 756 3104 nervos,
769 3044 801 3104 &
814 3044 982 3104 frigidos
1008 3043 1073 3103 qui
1092 3041 1210 3101 infar¬

192 3089 238 3149 cti
256 3091 332 3151 sunt
349 3094 535 3154 humores
558 3097 720 3157 resolvit
743 3098 785 3158 ad
808 3098 941 3158 eadem
959 3097 1110 3157 efficax,
1121 3096 1202 3156 em¬

195 3145 453 3205 plastrimodo
473 3149 563 3209 cum
582 3150 717 3210 Alypia
743 3151 885 3211 muscat
924 3151 1066 3211 assiduè
1092 3148 1214 3208 gesta¬

195 3198 284 3258 tum.
296 3199 379 3259 Ejus
397 3202 539 3262 solius,
557 3203 616 3263 aut
640 3203 717 3263 cum
735 3203 901 3263 moscho
925 3203 960 3263 &
972 3203 1079 3263 ligno
1103 3203 1203 3263 aloës

191 3250 386 3310 pirmixtae
402 3256 565 3316 olfactu,
576 3257 772 3317 cetebrum
794 3257 1023 3317 roboratur,
1045 3256 1201 3316 memo¬

183 3300 232 3360 ria
251 3304 432 3364 augetur,
457 3308 606 3368 spinitus
624 3311 750 3371 vigor,
768 3311 812 3371 &
830 3311 961 3371 cordis
986 3310 1085 3370 vires
1111 3307 1204 3367 refi¬

192 3359 363 3419 ciuntur:
383 3364 561 3424 ideuque
589 3367 623 3427 in
643 3369 752 3429 pestis
773 3371 965 3431 contagiis
985 3371 1066 3431 ejus
1094 3368 1203 3428 odor

1288 77 2323 158 [A] apprimè utilis est, nec minùs his, qui frigidis de¬
1301 159 2322 221 fluxionibus vexantur, convenit, si capitis teg¬
1303 205 2325 268 mina, atque etiam cubiculum, ubi dormiunt, per
1308 263 2329 338 hyemem eo suffiantur. Maximè prodest seni¬
1291 316 2316 374 bus, quòd illorum spiritus vegetet, cor & cere¬
1301 371 2325 439 brum roboret; & crassos lentosque humores ex¬
1294 421 2316 484 tenuet, sive cibis indatur, sive vestes suffiantur,
1294 482 2323 549 sive cerebro cordisque regioni applicetur, sive vi¬
1294 530 2336 604 no, quo sibi faciem & manus abluunt, permi¬
1288 592 2320 651 sceatur. Scobi magnetis, galbanoque miscetur,
1307 641 2329 707 [B] & emplastri modo mulierum umbilico imposi¬
1301 686 2335 755 tum, uterum suo loco retinet, & reliquos ejus
1294 741 2327 809 morbos profligat: ejus autem assiduus odora¬
1298 792 2321 864 tus prodest uteri procidentiis: suffocationibus
1288 847 2316 907 vero in Liquid ambar dissolutum, & xylo exce¬
1300 904 2324 973 ptum, uterique ori inditum. Sterilitati à frigidis
1288 954 2319 1025 humoribus ortae, hac compositione mederi so¬
1298 1011 2322 1079 leo: quae recipit Ambari partes duas, rasurae ebo¬
1292 1066 2335 1128 ris tenuissimè tritae unam, pulveris ligni aloes
1292 1120 2340 1188 partem dimidiam, cum algaliae momento fiunt
1298 1175 2317 1235 [C] cata potia, quorum tria pendentia draclimam u¬
1285 1228 2329 1304 nam singulis triduis dabuntur, & emplastrum
1295 1289 2328 1347 umbilico, pessum uteri collo imponetur; purga¬
1292 1335 2326 1402 tis tamen priùs ut decet. Ex eo, alypta muscata,
1300 1388 2311 1450 & styrace firem plastrum scuti forma, quod sto¬
1294 1446 2322 1510 macho appositum, cum doloribus liberat, & ex¬
1300 1498 2320 1554 calefacit. Ex eadem massa factae pilulae, & manè
1298 1551 2317 1611 sumptae, flatus discutiunt, concoctionem juvant,
1300 1602 2315 1662 & appetentiam extitant; idem praestat ex vino
1297 1653 2325 1713 odorifero manè sumpta haec massa. Quinetiam
1288 1704 2310 1769 [D] epilepticis fumus illius, naribus exceptus, con¬
1288 1771 2304 1831 venit: siquidem eos excitat, & si assiduè id odo¬
1279 1810 2316 1875 rentur, non tam facilè, neque tam vehementer
1280 1873 2310 1938 eo morbo corripiuntur. In summa, Ambarum
1286 1936 2311 1989 excalefacit & siccat cerebrum, & cor olfactum ro¬
1295 1973 2323 2036 borat. Senibus & natura frigidis opem mirificè
1287 2037 2311 2096 praestat. Quare iis dem potius quàm juvenibus,
1291 2090 2317 2149 chirothecae Ambra imbutae concedi deberent:
1283 2133 2320 2195 vino infusa temulentos efficit. Garcias in Horto,
1288 2182 2262 2256 Nicol. Monardis, Medici Florentini & Matthiolus.
1339 2233 2310 2310 [E] BLATTA BYZANTIA à Mauritanis, Unguis
1291 2287 2314 2352 odoratus à Graecis dictus, conchyli tegumen¬
1285 2344 2324 2404 tum est, odore castoreum referente, ad suffitus
1291 2400 2310 2454 idoneum. Ipsa enim testa mox liquatur igni, bi¬
1289 2454 2329 2510 tuminis modo, quòd etiam improbè ipsa olet¬
1304 2509 2319 2577 Quidam albitantem odoratam magis commen¬
1282 2557 2309 2616 dant. * lidem suffitu excitant foeminas vulvae
1294 2608 2328 2672 strangulatu oppressas, comitialesque: poti ven¬
1288 2669 2325 2728 rem molliunt. Crematum conchylium eadem
1279 2723 2308 2778 efficit, quae purpura; & buccinum. Medici Colo¬
1292 2772 1729 2858 [F] nienses & Dioscorides.
1571 2826 2023 2937 De marinis frigidis.
1336 2909 2310 2981 CORALLIUM (Germ. Coral. Ital. Corallo. Galll
1296 2974 2320 3041 Du Cural. Hisp. El Coral.) saxeus frutex est, in marii
1282 3034 2308 3096 natus: triplici constat differentia: alba, rubra &
1286 3088 2305 3144 nigra. prima est preciosior: altera usitatior: ulti¬
1285 3138 2304 3197 nia rarior, quae vocatur Graecè αἱτιπηθις. * Om¬
1289 3190 2317 3260 ne corallii genus refrigerat, siccatque, & astringit:
1288 3247 2320 3308 menstrua nimis profluentia cohibet potum: sic
1294 3308 2320 3365 dysenterias juvat: nec non seminis profluvium
1295 3354 2305 3427 in viris: album utcri fluorem in multeribus repri¬
