2479 3508
279 143 378 173 85
1084 119 1189 179 De
1224 118 1526 178 Marinis.

2209 124 2299 184 86

269 170 1260 246 da verò, quod levior sit, & odoratior, optima
249 235 1256 288 censetur. Probatur ea, quae attritu calefacta il¬
260 283 1251 343 licò paleas, aliasque res minutas ad se trahit, &
263 335 1246 393 quae accensa bituminis odorem reddit. * Exic¬
252 386 1249 452 cat leviter calefaciendo: ideò etiam ad humi¬
247 436 1254 504 dos capitis morbos valet. Fumus ejus comitia¬
244 482 1251 537 les restituit: tussi immoderatae, & capitis deflu¬
246 532 1255 595 xionibus medetur: dentium dolores mitigat:
248 590 1255 653 menses provocat: uteri strangulatum singulari¬
241 638 1242 704 ter compescit: gravidis gestationem leviorem
239 682 1296 760 reddit. In pulverem redactum ex vino propina¬
245 741 1252 801 tur, ad album uteri fluorem, naturaliaque cor¬
242 787 1251 851 roboranda: sanguinem rejicientibus, & tabidis
251 844 1255 904 convenit: profluvio seminis ex ovo molli; vel
241 891 1250 955 succo portulacae, quotidie drachmae instat as¬
249 941 1237 1002 sumtum succurrit: intestinorum difficultati &
245 994 1241 1062 sanguinis ex naribus fluori subvenit: parturienti¬
244 1045 1240 1106 bus drachmae semissis pondere ex vino albo po¬
250 1097 1244 1155 tui datur, ad foetum maturandum, partumque
245 1147 1252 1208 accelerandum utile: quod saepè experientia di¬
239 1198 1258 1259 dicimus, ad urinae difficultatem, simili ponde¬
237 1246 1243 1315 re, ex aqua saxifragiae bibitur. Quidam nuper ea
240 1298 1234 1357 cum semine paliuri ex vino epota, urinam quin¬
249 1350 1241 1400 decim diebus retentam excrevit. Articulari mor¬
248 1399 1234 1453 bo conducit, si ejus drachma semissis ex ligni
232 1450 1228 1502 Indici decocto, unciis duabus exhibeatur. O¬
234 1501 1231 1560 leum, quod inde (de quo suo loco) per chymiam
245 1554 1223 1612 singulari industria paratur, incidit, extenuat, a¬
250 1602 1224 1667 perit, & discutit: unde ex vino malvatico, vel
234 1658 1233 1714 alio liquore exhibitum, calculos utinamque edu¬
249 1691 1279 1772 cit. In strangulatu uteri efficacissimum est, si na¬
245 1744 1237 1823 turalia, & os ejus ipso inungantur. Medici Flo¬
238 1804 693 1880 rentini & Andernacus.
444 1850 1042 1957 Di marinis emolientilus.
285 1934 1233 2010 BITUMEN (Graec. ἄσραλτο. Ger. Bech. Gall.
233 1996 1214 2057 Terre limoneuse. Ital. Bitame. Hisp. El betun dictum.)
232 2053 1241 2108 est velutiterrae adeps; qui facillimè ignem con¬
226 2096 1235 2161 cipit. Duum est generum. Quod liquidum est,
233 2141 1229 2220 ut oleum, vulgò petroleum vocatur, omnibus
234 2180 1281 2281 notum. Aliud densum picis modo, quod ante¬
241 2255 1225 2301 quam concrescat, liquidum aquis supernatare
237 2297 1226 2350 solet. Hujus generis est, quod in Judaea nascens
243 2349 1224 2414 peculiariter asphaltos dicitur, videtur autem id
239 2408 1233 2461 esse, quod vulgò sic hodie vocatur. Ejus verò
248 2450 1222 2516 probatio est, ut purpurae modo splendeat, sitque
244 2509 1241 2569 ponderosum, & validum odorem vibret. Nigrum
232 2555 1233 2611 autem & sordidum, vitiosum est. Adulteratur pi¬
240 2602 1236 2666 ce, quod color niger indicat, & picis odor. * Bi¬
236 2667 2277 2708 tumen omne discutit, glutinat, emollit, ab in¬
234 2710 1276 2788 flammatione tuetur, vulvarum procidentias stran¬
247 2755 1221 2834 gulationesque olfactu, suffitu, impositu emendat,
227 2805 732 2879 &c. Dioscor. & Florentini.
304 2822 1230 2930 Bitumen Judaicum aliis omnibus praefertur:
238 2906 1237 2964 colligiturque in mari mortuo: quod Galeni tem¬
247 2958 1223 3014 pore adulterari non poterat, sicuti in libro de
238 3010 1214 3071 Antidotis scribit: forsitan quia in tanta copia af¬
235 3061 1234 3133 ferebatur, & propter splendorem ipsius ita erat
227 3107 1307 3164 notum, ut quiequid illi commistum fuisset, fa¬
230 3161 1310 3226 cilè illius vividum quamvis nigrum colorem
232 3191 1307 3284 immutare potuisset: ideoque cum Dioscorides
227 3276 1219 3349 quod pice solebat adulterari, dicat, hos duos au¬
1260 161 2308 247 [A] ctores manifestè inter se discrepare videbitur
1326 236 1391 296 nisi
1412 236 1451 296 eo
1470 236 1582 296 pacto
1608 236 1681 296 quo
1707 237 1884 297 diximus,
1904 238 1970 298 eos
1990 240 2305 300 intellexerimus.

1321 286 1410 346 Imò
1430 286 1551 346 relicto
1576 287 1735 347 Galeno,
1748 289 1812 349 hac
1831 289 1863 349 in
1889 290 1985 350 parte
2003 292 2131 352 potiùs
2150 292 2315 352 Diosco¬

1319 338 1392 398 ridi
1411 337 1478 397 erit
1502 337 1803 397 adhaerendum,
1822 340 1914 400 cùm
1938 340 2141 400 videamus
2172 341 2301 401 nostro

1319 388 1481 448 quoque
1505 388 1679 448 tempore
1698 388 1742 448 ita
1767 389 2003 449 adulterari,
2015 391 2059 451 ut
2078 391 2295 451 admodum

1325 439 1451 499 parum
1470 439 1560 499 boni
1584 439 1613 499 &
1632 439 1794 499 legitimi
1818 440 2047 500 advehatur:
2058 442 2227 502 ideoque
2257 444 2299 504 ex

1321 489 1371 549 eo
1396 490 1515 550 patet,
1528 490 1634 550 quod
1653 490 1728 550 non
1747 490 1872 550 colore
1897 490 1960 550 illo
1979 491 2179 551 splendido
2198 493 2304 553 instat

1324 538 1512 598 purpurae,
1530 538 1633 598 sicuti
1646 539 1724 599 vult
1737 541 1998 601 Dioscorides,
2016 542 2077 602 sed
2095 542 2223 602 potiùs
2241 541 2302 601 ni¬

1319 589 1437 649 miùm
1456 589 1581 649 nigro,
1594 589 1627 649 &
1640 589 1745 649 quasi
1764 590 1942 650 emortuo
1961 592 2157 652 praeditum
2178 592 2236 652 sit.
2256 593 2282 653 A

1319 640 1682 700 nimadvertendum
1707 641 1832 701 autem
1851 641 1920 701 est,
1932 643 2089 703 quando
2114 643 2307 703 Dioscori¬

1321 689 1383 749 des
1401 691 1495 751 istud
1508 691 1664 751 laudat,
1677 691 1783 751 quod
1801 691 1976 751 splendet
1989 691 2095 751 instat
2114 693 2307 753 purpurae,

1320 742 1404 802 non
1430 742 1696 802 accipiendum
1715 742 1780 802 esse
1800 742 1903 802 quasi
1923 742 2091 802 Bitumen
2111 742 2195 802 esset
2222 743 2299 803 pur¬

1314 790 1504 850 pureum:
1522 790 1582 850 sed
1606 791 1719 851 quòd
1743 793 1891 853 tantùm
1915 794 2052 854 habeat
2076 794 2171 854 illam
2189 793 2290 853 viva¬

1308 842 1459 902 citatem
1478 842 1647 902 coloris:
1660 842 1700 902 &
1713 844 1824 904 quòd
1837 844 1883 904 ita
1902 845 2098 905 splendeat
2111 844 2300 904 quemad¬

1319 892 1476 952 modum
1496 893 1695 953 purpura.
1715 895 1811 955 Nam
1831 895 2057 955 purpureum
2077 895 2227 955 propriè
2247 893 2295 953 si¬

1322 943 1468 1003 gnificat
1483 943 1586 1003 illam
1600 943 1755 1003 gratiam
1776 944 1805 1004 &
1820 946 2069 1006 vivacitatem,
2083 946 2172 1006 quae
2186 945 2223 1005 in
2238 943 2296 1003 u¬

1315 992 1527 1052 noquoque
1554 994 1702 1054 colore,
1721 995 1786 1055 qui
1812 995 1935 1055 gratus
1961 995 1999 1055 est
2018 995 2160 1055 oculis,
2180 995 2219 1055 &
2232 995 2296 1055 de¬

1315 1045 1423 1105 lectat
1442 1045 1570 1105 visum,
1582 1046 1690 1106 inesse
1709 1046 1843 1106 potest,
1862 1046 1894 1106 &
1907 1046 2021 1106 vulgò
2046 1046 2142 1106 nunc
2174 1046 2294 1106 Chre¬

1319 1094 1485 1154 mesinus
1504 1096 1606 1156 color
1625 1096 1797 1156 vocatur.
1830 1096 1932 1156 Quae
1944 1096 2015 1156 vox
2034 1096 2111 1156 non
2130 1096 2193 1156 uni
2213 1096 2301 1156 tan¬

1316 1145 1400 1205 tùm
1420 1145 1544 1205 colori
1570 1145 1745 1205 destinata
1772 1146 1830 1206 est,
1843 1147 1901 1207 sed
1921 1147 2064 1207 multis,
2091 1148 2129 1208 &
2142 1148 2319 1208 fortasse.

1313 1195 1513 1255 omnibus.
1532 1195 1732 1255 Habemus
1751 1196 1867 1256 etiam
1886 1196 1957 1256 nos
1989 1196 2286 1256 Chremesinum

1313 1246 1471 1306 rubrum
1497 1246 1761 1306 purpureum,
1780 1247 1900 1307 quod
1919 1247 2150 1307 Pavonazzo
2176 1247 2288 1307 vulgò

1308 1297 1467 1357 vocant,
1479 1297 1511 1357 &
1523 1297 1771 1357 incarnatum:
1790 1298 1828 1358 &
1841 1298 1898 1358 non
1910 1298 1968 1358 diu
1987 1298 2044 1358 est,
2063 1300 2170 1360 quod
2190 1300 2291 1360 chre¬

1318 1346 1504 1406 mesinum
1528 1348 1636 1408 etiam
1660 1348 1744 1408 albo
1768 1348 1804 1408 &
1822 1349 1929 1409 viridi
1948 1349 2067 1409 colori
2079 1348 2121 1408 sit
2139 1348 2301 1408 attribu¬

1319 1397 1410 1457 tum,
1417 1399 1489 1459 tam
1502 1399 1535 1459 in
1555 1400 1686 1460 pannis
1706 1400 1818 1460 quàm
1837 1400 1942 1460 serico
1962 1399 2061 1459 ipso:
2074 1399 2107 1459 &
2120 1399 2146 1459 si
2159 1399 2291 1459 modum

1303 1448 1531 1508 reperirent,
1550 1450 1660 1510 euam
1673 1451 1751 1511 aliis
1772 1451 1960 1511 coloribus
1979 1450 2116 1510 poterit
2136 1450 2292 1510 adjungi

1306 1498 1382 1558 hoc
1399 1499 1657 1559 vocabulum,
1674 1501 1716 1561 ut
1739 1501 1885 1561 dicatur
1903 1502 2044 1562 luteum
2073 1501 2295 1561 Chremesi¬

1301 1549 1414 1609 num,
1428 1549 1569 1609 nigrum
1589 1552 1891 1612 Chremesinum.
1904 1552 1944 1612 Et
1957 1553 1998 1613 sic
2018 1552 2212 1612 possumus
2233 1550 2292 1610 di¬

1297 1600 1374 1660 tere
1399 1600 1630 1660 Purpureum
1649 1601 1815 1661 rubrum,
1828 1603 2058 1663 purpureum
2078 1603 2232 1663 russum,
2244 1603 2289 1663 si¬

1310 1650 1352 1710 ve
1366 1649 1422 1709 (ut
1443 1649 1547 1709 vulgò
1576 1650 1743 1710 vocant)
1758 1652 2030 1712 incarnatum,
2051 1652 2288 1712 purpureum

1303 1699 1563 1759 phoenicium,
1571 1701 1612 1761 &
1640 1702 1873 1762 purpureum
1886 1702 2062 1762 nigrum,
2076 1702 2252 1762 nimirum
2266 1703 2294 1763 si

1306 1750 1378 1810 istis
1405 1751 1602 1811 coloribus
1629 1751 1847 1811 concilietur
1873 1751 1933 1811 ille
1952 1751 2137 1811 splendor
2157 1753 2289 1813 gratus

1305 1801 1460 1861 oculis:
1484 1802 1597 1862 quem
1620 1802 1685 1862 hac
1703 1802 1799 1862 voce
1822 1802 2031 1862 exprimere
2060 1802 2286 1862 voluerunt.

1307 1853 1418 1913 Unde
1438 1852 1611 1912 Horatius
1630 1852 1792 1912 Cygnos
1805 1852 1916 1912 vocat
1935 1853 2171 1913 purpureos,
2190 1853 2283 1913 nam

1312 1903 1436 1963 praeter
1462 1904 1567 1964 istam
1592 1904 1828 1964 albedinem,
1841 1903 1978 1963 accedit
1996 1903 2053 1963 ista
2071 1904 2282 1964 splendoris

1306 1952 1505 2012 venustas,
1524 1954 1598 2014 qua
1623 1954 1735 2014 simul
1760 1954 1890 2014 oculos
1921 1954 1959 2014 &t
1983 1954 2158 2014 animam
2182 1954 2289 2014 oble¬

1302 2003 1425 2063 ctant,
1439 2003 1473 2063 &
1487 2003 1528 2063 ab
1548 2003 1624 2063 aliis
1644 2003 1699 2063 nix
1719 2003 1897 2063 purpurea
1918 2003 2089 2063 vocatur.
2102 2003 2136 2063 &
2158 2003 2287 2063 Vergi¬

1305 2053 1373 2113 lius
1392 2054 1480 2114 dicit
1498 2053 1617 2113 crines
1642 2053 1874 2113 purpureos;
1892 2053 1980 2113 item
2005 2054 2136 2114 Cicero
2155 2054 2193 2114 in
2212 2054 2286 2114 suis

1310 2104 1549 2164 Academicis
1569 2104 1843 2164 quaestionibus
1856 2104 1925 2164 ait,
1945 2104 2047 2164 Mate
2074 2104 2143 2164 esse
2170 2105 2286 2165 caeru¬

1307 2153 1423 2213 leum:
1444 2153 1498 2213 sed
1519 2153 1670 2213 quando
1690 2153 1786 2213 aqua
1800 2155 1909 2215 remis
1922 2155 2094 2215 agitetur,
2101 2155 2176 2215 fieri
2196 2156 2285 2216 pur¬

1314 2206 1491 2266 puream:
1509 2206 1613 2266 cujus
1631 2206 1674 2266 rei
1692 2206 1730 2266 in
1748 2206 1937 2266 promptum
1949 2206 2035 2266 ratio
2060 2206 2127 2266 est:
2145 2207 2225 2267 quia
2249 2207 2292 2267 a¬

1310 2257 1379 2317 qua
1403 2255 1597 2315 commota
1616 2255 1653 2315 ex
1671 2255 1728 2315 illa
1746 2255 1841 2315 parte
1859 2255 2009 2315 luminis
2034 2257 2190 2317 aliquid,
2202 2258 2283 2318 quo

1308 2306 1417 2366 antea
1435 2306 1601 2366 carebat,
1614 2308 1767 2368 recipit:
1786 2308 1825 2368 &
1837 2308 1882 2368 ita
1901 2308 2105 2368 illuminata
2124 2308 2194 2368 hoc
2214 2308 2289 2368 no¬

1308 2357 1391 2417 men
1411 2356 1572 2416 sortitur.
1592 2356 1676 2416 Non
1695 2357 1818 2417 tamen
1843 2357 1883 2417 est
1902 2357 2134 2417 negandum,
2153 2357 2283 2417 utplu¬

1297 2407 1439 2467 rimùm
1459 2407 1529 2467 hoc
1549 2408 1666 2468 nomen
1678 2408 1846 2468 purpurae
1865 2409 2007 2469 attribui
2027 2410 2143 2470 rubro
2162 2410 2195 2470 &
2214 2410 2278 2470 pa¬

1307 2458 1494 2518 vonaceo,
1506 2458 1535 2518 ut
1558 2458 1635 2518 Ital.
1646 2459 1874 2519 loquuntur,
1892 2458 1968 2518 quia
1991 2458 2027 2518 hi
2044 2458 2115 2518 duo
2132 2458 2284 2518 colores

1310 2507 1384 2567 tam
1404 2507 1479 2567 arte
1505 2509 1621 2569 quàm
1641 2509 1769 2569 natura
1803 2510 1958 2570 expressi
1985 2510 2161 2570 obtinent
2181 2508 2283 2568 illam

1305 2558 1483 2618 gratiam.
1497 2560 1635 2620 Hocque
1648 2561 1820 2621 nonnihil
1839 2561 1852 2621 à
1872 2561 2070 2621 proposito
2097 2560 2281 2620 diverten¬

1303 2609 1354 2669 tes
1380 2609 1548 2669 pluribus
1574 2611 1761 2671 exponere
1786 2611 1916 2671 volui,
1929 2611 1980 2671 ne
2006 2611 2135 2671 dubius
2154 2611 2277 2671 lector

1298 2710 1485 2770 pureum,
1503 2710 1550 2770 &
1562 2710 1719 2770 fottasse
1743 2711 1947 2771 conjiceret
1965 2711 2032 2771 esse
2050 2713 2278 2773 violaceum.

1301 2762 1367 2822 aut
1385 2761 1559 2821 rubrum,
1571 2761 1745 2821 ideoque
1763 2761 1847 2821 pice
1870 2761 1972 2821 nigra
1990 2762 2188 2822 adulterari
2207 2764 2284 2824 non

1290 2812 1421 2872 posse.
1433 2812 1647 2872 Redeuntes
1659 2812 1760 2872 itaque
1779 2812 1822 2872 ad
1842 2813 2023 2873 Bitumen,
2036 2813 2205 2873 videmus
2224 2815 2286 2875 con¬

1299 2861 1462 2921 muniter
1480 2861 1553 2921 non
1571 2861 1728 2921 reperiri
1734 2863 1946 2923 laudabile,
1964 2864 2030 2924 qui
2054 2864 2181 2924 tamen
2199 2862 2290 2922 dili¬

1298 2912 1390 2972 gens
1415 2914 1538 2974 fuerit,
1551 2914 1736 2974 Venetiis,
1749 2914 1859 2974 quod
1885 2915 2119 2975 Dioscoridis
2143 2914 2273 2974 descri¬

1294 2965 1425 3025 ptioni
1443 2962 1544 3022 planè
1568 2963 1775 3023 conveniat,
1787 2965 2001 3025 comparare
2025 2966 2173 3026 poterit.

1350 3015 1497 3075 QuoD
1523 3013 1720 3073 Babylone
1746 3015 1874 3075 natum
1899 3019 2136 3079 NAPHTHA
2161 3017 2282 3077 voca¬

1296 3065 1372 3125 tur,
1383 3064 1576 3124 bituminis
1606 3064 1757 3124 candidi
1781 3065 1845 3125 aut
1863 3065 1973 3125 etiam
1991 3067 2090 3127 nigri
2114 3067 2277 3127 colatura

1303 3114 1362 3174 est.
1375 3113 1428 3173 Vis
1448 3113 1474 3173 ei
1487 3113 1633 3173 ignium
1646 3115 1778 3175 rapax.
1791 3116 1910 3176 Hujus
1930 3118 2029 3178 loco,
2042 3119 2121 3179 quia
2141 3119 2188 3179 ad
2207 3118 2273 3178 nos

1303 3164 1355 3224 non
1368 3164 1549 3224 adferrumt,
1555 3164 1678 3224 nossro
1704 3166 1866 3226 pettoleo
1891 3166 1936 3226 uti
1956 3166 2169 3226 possumus:
2183 3164 2279 3224 quen¬

1299 3215 1518 3275 admodum
1531 3215 1644 3275 etiam
1662 3217 1820 3277 asphalti
1839 3218 1946 3278 loco,
1964 3218 1989 3278 si
2008 3218 2165 3278 dubium
2184 3218 2284 3278 esset.

1303 3267 1345 3327 an
1367 3271 1552 3331 asphaltus
1573 3272 1615 3332 sit
1637 3272 1801 3332 bitumen
1822 3271 2043 3331 Judaicum.
2057 3269 2093 3329 Si
2114 3269 2185 3329 quis
2206 3270 2285 3330 au¬
