2479 3508
237 125 322 185 87

824 116 1227 176 Antidotari
1253 122 1526 182 spencialis
1551 127 1695 187 Lib.
1721 131 1761 191 I.

2141 108 2278 206 88
235 188 318 248 iem
334 186 491 246 asphalti
508 184 623 244 mondo
649 182 798 242 denlare
814 182 930 242 volet,
946 184 1021 244 vale
1046 185 1145 245 aeneo
1170 187 1228 247 aut
1253 189 1277 249 A

223 240 348 300 ferreo
362 238 454 298 illud
474 236 626 296 coquet,
639 235 673 295 &
686 234 765 294 quia
785 233 891 293 facilè
905 235 1104 295 flammam
1124 238 1216 298 con¬

241 293 346 353 cipit,
359 290 526 350 flamma,
539 287 669 347 panno
694 286 793 346 lineo
812 284 985 344 madente
1004 285 1041 345 in
1054 286 1141 346 vas,
1153 289 1221 349 ubi

235 335 1239 406 percoquitur, demisso extinguetur. Hac ratione
227 401 1239 454 concretum petroleum pro naphtha & asphalto
227 442 1239 508 usurpari potest. * Extenuat, penetrat, siccat, di¬
240 496 345 556 gerit,
358 491 556 551 omnemque
569 490 759 550 materiam
773 490 911 550 frigidam
931 490 970 550 ex
990 490 1115 550 quavis
1135 491 1220 551 cor¬

231 543 1239 605 poris parte absumit: morbum comitialem, mem¬
233 596 1239 652 brorum resolutionem, convulsionem, nervorum
220 645 1239 700 articulorumque dolores mitivat: lienis, renum, ve¬
223 691 1239 758 sicae, uterique frigidiores affectus sanat. Medici Flo¬
222 746 363 806 rentini,
375 743 590 803 Dioscorides,
602 742 645 802 &
664 743 909 803 Andernacus.

271 800 1237 844 PISSASPHALTUS in Appollonia Epirotarum
216 848 1237 915 nascitur: appellatur autem sic, quòd mistam bitumini
224 903 1237 961 picem redoleat: & Mumia Arabum esse credi¬
218 950 295 1010 tur:
314 947 462 1007 tametsi
481 947 660 1007 mumiam
679 947 788 1007 etiam
807 948 987 1008 appellent,
999 949 1210 1009 confectio¬

222 994 1237 1060 nem quandam, qua cadavera condiuntur. Fa¬
227 1051 329 1111 ctitia
348 1050 457 1110 etiam
476 1049 521 1109 est
540 1049 821 1109 pissasphaltos,
828 1049 993 1109 admixta
1013 1049 1090 1109 pice
1109 1051 1212 1111 bitu¬

214 1097 1237 1167 mini.5 Secundo ordine tum siccat, tum excalfa¬
223 1151 1237 1208 cit: capitis dolores frigiditate obortos absque hu¬
216 1200 1224 1264 morum praesentia mulcet Medetur hemicraniae, [C]
224 1253 1237 1316 paralysi, oris distractionibus, comitialibus, veri¬
225 1304 460 1364 tiginosisque,
479 1304 505 1364 si
518 1304 556 1364 ex
575 1303 727 1363 amarici
753 1303 848 1363 aqua
867 1301 1007 1361 naribus
1026 1301 1210 1361 immitta¬

230 1354 298 1414 tur.
311 1355 473 1415 Leucoum
479 1354 592 1414 oleo,
605 1354 674 1414 sivè
692 1354 923 1414 hyoscyamo
949 1353 1042 1413 vravi
1061 1354 1211 1414 ponde¬

222 1405 263 1465 re
283 1405 448 1465 subacta,
455 1405 496 1465 ad
517 1403 660 1463 aurium
675 1403 832 1463 dolores
845 1403 1003 1463 frigidos
1024 1405 1148 1465 utiliter
1168 1406 1202 1466 in

226 1456 356 1516 earum
382 1456 656 1516 concavitatem
675 1454 917 1514 infunditur.
936 1454 1099 1514 Prodest
1119 1457 1216 1517 qua¬

223 1504 312 1564 tuor
337 1505 546 1565 granorum
569 1504 742 1564 pondere
765 1504 808 1564 ex
831 1504 1017 1564 thymbrae
1040 1505 1201 1565 decocto

221 1555 393 1615 resoluta,
406 1555 489 1615 gulę
508 1555 745 1615 cruciatibus.
752 1555 873 1615 Epota
899 1555 931 1615 ex
950 1555 1206 1615 zizipharum,

218 1606 385 1666 hordei,
399 1606 434 1666 &
455 1606 663 1666 mixtorum
678 1606 845 1666 decocto
866 1607 977 1667 tribus
998 1606 1082 1666 dieb
1123 1606 1222 1666 con¬

214 1657 344 1717 tinuis,
351 1655 587 1715 tussientibus
605 1655 717 1715 opem
736 1657 811 1717 non
829 1657 1022 1717 modicam
1041 1658 1202 1718 praestat.

232 1708 449 1768 Granorum
461 1708 552 1768 item
569 1708 736 1768 quatuor
753 1708 919 1768 pondere
942 1708 1091 1768 sumpta
1114 1708 1154 1768 ex
1171 1708 1205 1768 a¬

223 1760 296 1820 qua
315 1760 491 1820 menthae,
510 1759 633 1819 cordis
657 1758 810 1818 affectus
829 1757 1025 1817 removet:
1043 1757 1123 1817 cum
1141 1757 1208 1817 de¬

224 1810 335 1870 cocto
359 1810 441 1870 verò
465 1810 617 1870 cumini,
635 1808 764 1868 ammi,
782 1808 817 1868 &
829 1808 917 1868 cari,
935 1808 1006 1868 tum
1023 1810 1211 1870 ventricu¬

217 1861 257 1921 li,
269 1861 345 1921 tum
362 1861 630 1921 intestinorum
647 1859 758 1919 flatus
787 1858 950 1918 discutit.
973 1859 1113 1919 Bibitur
1130 1860 1194 1920 uti¬

221 1910 303 1970 liter
315 1910 360 1970 ab
385 1910 461 1970 alto
493 1910 676 1970 devolutis
695 1910 732 1970 ex
751 1909 890 1969 siliquae
909 1910 1099 1970 Aegyptiae
1118 1912 1193 1972 me¬

210 1960 338 2020 dulla,
358 1960 494 2020 additis
514 1960 669 2020 Lemnia
682 1960 906 2020 sphragide,
919 1960 960 2020 &
974 1960 1089 2020 rubiae
1102 1961 1196 2021 radi¬

216 2011 274 2071 ce.
287 2009 422 2069 Hausta
441 2009 551 2069 trium
570 2009 623 2069 vel
642 2009 796 2069 quatuor
816 2009 1022 2069 granorum
1035 2011 1190 2071 ponde¬

218 2062 257 2122 re
283 2060 487 2120 singultum
507 2059 678 2119 inhibet:
698 2060 724 2120 si
737 2060 869 2120 tamen
888 2060 928 2120 ex
948 2061 1093 2121 cumini
1112 2062 1146 2122 &
1159 2062 1199 2122 a¬

210 2115 267 2175 pii
286 2113 444 2173 decocto
464 2110 680 2170 assumatur.
692 2110 858 2170 Errhinis
877 2111 1067 2171 imposita,
1080 2114 1194 2174 addi¬

212 2162 261 2222 tis
280 2164 455 2224 moscho,
467 2164 648 2224 castoreo,
660 2164 835 2224 caphura,
847 2164 879 2224 &
891 2164 978 2224 oleo
997 2165 1197 2225 balanino,

218 2215 1213 2268 naribus commodèm inditur ad diuturnos capitis do¬
216 2264 336 2324 lores,
349 2264 589 2324 praesertimque
601 2264 683 2324 cùm
702 2263 873 2323 adhibitis
891 2263 967 2323 aliis
986 2264 1188 2324 contumax

217 2314 372 2374 morbus
391 2315 469 2375 non
488 2314 650 2374 solvitur.
663 2314 922 2374 Gargarizatur
941 2314 1019 2374 cum
1039 2316 1195 2376 oxyme¬

211 2365 279 2425 lite
304 2365 480 2425 adversus
505 2365 711 2425 anginam:
724 2365 767 2425 &
786 2365 836 2425 ad
849 2365 954 2425 lienis
980 2366 1142 2426 affectus
1161 2368 1198 2428 ex

216 2416 295 2476 cari
314 2416 496 2476 decocto,
516 2414 652 2474 utiuiter
673 2414 835 2474 bibitur:
855 2414 893 2474 &
907 2414 1031 2474 contra
1050 2418 1200 2478 lethalia

210 2465 356 2525 venena
381 2467 425 2527 ex
451 2467 609 2527 decocto
628 2465 755 2525 tribuli
774 2465 926 2525 marini;
938 2465 977 2525 &
989 2466 1116 2526 foetidi
1135 2469 1185 2529 la¬

206 2515 358 2575 serpitii
377 2516 522 2576 gummi
555 2516 782 2576 juvamento
807 2516 889 2576 non
908 2516 1054 2576 medico
1079 2519 1188 2579 sumi¬

203 2566 284 2626 tur.
296 2566 383 2626 item
406 2567 447 2627 ex
470 2567 575 2627 mero
598 2566 726 2626 contra
744 2566 988 2626 scorpionum
1011 2568 1110 2628 ictus
1127 2569 1185 2629 bi¬

209 2616 334 2676 bitur,
346 2617 506 2677 ictisque
517 2617 606 2677 locis
630 2617 713 2677 cum
731 2617 868 2677 recenti
892 2618 1028 2678 bubulo
1052 2621 1182 2681 butyro

212 2666 396 2726 utilissimè
414 2668 643 2728 imponitur.
674 2668 858 2728 Astringit
877 2669 1010 2729 mumia
1028 2670 1111 2730 illita
1130 2671 1187 2731 ex¬

202 2717 316 2777 terna
342 2717 532 2777 sanguinis
558 2718 787 2778 profluvia,
800 2719 889 2779 pota
914 2720 997 2780 verò
1023 2722 1187 2782 interna:

207 2767 372 2827 proinde
398 2769 564 2829 perutilis
584 2770 630 2830 ad
650 2770 821 2830 cruentas
842 2770 1119 2830 excreationes.
1139 2775 1192 2835 Ex

202 2818 358 2878 caprillo
377 2821 468 2881 lacte
488 2821 585 2881 pota,
598 2821 799 2881 opitulatur
818 2821 1033 2881 exulceratae
1052 2825 1189 2885 velicae,

206 2870 364 2930 internis
384 2871 481 2931 penis
501 2872 906 2932 desquamationibus,
920 2872 955 2932 &
969 2872 1120 2932 urinam
1140 2874 1188 2934 ae¬

208 2919 272 2979 grè
290 2920 588 2980 continentibus.
600 2921 687 2981 Non
705 2922 852 2982 desunt,
863 2923 922 2983 qui
939 2924 1109 2984 credant,
1120 2926 1190 2986 hu¬

204 2971 411 3031 manorum
427 2972 651 3032 cadaverum
668 2972 741 3032 ossa
757 2974 791 3034 in
808 2974 999 3034 pulverem
1015 2977 1183 3037 redacta,

212 3020 248 3080 &
260 3022 297 3082 in
315 3023 406 3083 potu
424 3023 613 3083 exhibita,
625 3023 735 3083 variis
753 3025 917 3085 corporis
935 3026 1179 3086 languoribus

206 3073 399 3133 prodesse,
416 3074 457 3134 os
474 3074 577 3134 suum
594 3074 759 3134 unicuique
770 3074 941 3134 membro
959 3076 1181 3136 tribuentes.

201 3125 245 3185 Si
265 3127 445 3187 deficiat,
464 3125 541 3185 ejus
561 3125 645 3185 loco
670 3125 895 3185 Asphaltum
921 3127 1178 3187 officinarum,

254 3176 318 3236 aut
337 3175 454 3235 picem
474 3175 558 3235 cum
571 3175 759 3235 bitumine
778 3176 927 3236 mixtam
941 3180 1147 3240 sumemus.

361 3229 481 3289 Medici
500 3226 686 3286 Florentini,
700 3226 912 3286 Dioscorides,
926 3228 1018 3288 Mat¬

497 3283 656 3343 thiolus,
668 3283 708 3343 &
721 3282 866 3342 Arabes:

1469 182 2080 292 [A] De marini abstergentibus.
1318 263 2277 344 PURPURAE (Germ. Meerschnecken Ital. Porpore.
1239 328 2278 405 Gall. Pourpre. Hisp. Le conche de carmesie color.) sunt
1239 402 2278 457 pisces marini, ejus sanè generis, quae testa inte¬
1239 443 2288 509 guntur. Hae illum magni precii liquorem retinent,
1292 484 2274 540 purpureum propriè dictum, tingendis regum ve¬
1239 535 2266 601 stibus experitum. Hunc in mediis faucibus ge¬
1239 586 2281 660 runt, candida quadam vena conclusum, colore ni¬
1239 637 2263 706 gricantis rosae pellucidum. Vivas capere conten¬
1239 715 2271 749 [B] dunt, quia cum vita sua succum illum evomunt. La¬
1268 735 2276 802 tent circa canis ortum tricenis diebus. Congregantur
1237 792 2268 853 verno tepore, mutuoque attritu lentorem cujusdam
1237 843 2261 912 cerae salivant. Lingua purpurae digitali longitudi¬
1237 901 2254 959 ne, qua pascitur perforando reliqua conchylia:
1281 942 2263 1011 tanta duritia aculeo est. Capiuntur autem purpurae
1237 992 2250 1064 parvulis rarisque textu veluti nassis, in alto jactis,
1277 1043 2251 1095 inest iis esca, clusiles mordacesque conchae, qua¬
1237 1089 2254 1167 les mitulos videmus. has semineces, sed redditas
1237 1149 2253 1213 mari avido hiatu reviviscentes, appetunt purpu¬
1224 1196 2257 1267 [C] rae porrectisque linguis infestant. At illae aculeo ex¬
1237 1247 2259 1318 timulatae claudunt sese, comprimuntque morden¬
1269 1300 1336 1360 tia:
1348 1300 1397 1360 ita
1416 1300 1625 1360 pendentes
1643 1300 1815 1360 aviditate
1846 1300 1901 1360 sua
1926 1301 2098 1361 purpurae
2116 1300 2258 1360 tollun¬

1268 1351 1346 1411 tur.
1371 1351 1485 1411 Aqua
1509 1351 1605 1411 dulci
1623 1351 1814 1411 necantur,
1833 1352 1863 1412 &
1881 1352 1922 1412 sic
1941 1352 2001 1412 ubi
2019 1351 2175 1411 flumini
2187 1349 2253 1409 im¬

1268 1402 1479 1462 merguntur:
1492 1402 1632 1462 alioqui
1652 1402 1767 1462 captae
1786 1402 1882 1462 dieb.
1901 1402 2177 1462 quinquagenis
2196 1402 2253 1462 vi¬

1266 1453 1341 1513 vut
1358 1451 1461 1511 saliva
1478 1451 1553 1511 sua.
1564 1451 1673 1511 Anno
1691 1453 1994 1513 magnitudinem
2012 1454 2184 1514 implent,
2196 1453 2258 1513 ce¬

1266 1502 1459 1562 lerrimeque
1471 1504 1658 1564 trescunt,
1677 1504 2020 1564 quemadmodum
2044 1504 2243 1564 conchylia

1272 1552 1398 1612 omnia
1417 1552 1447 1612 *
1471 1552 1635 1612 Purpura
1653 1553 1726 1613 usta
1745 1553 1896 1613 exiccat,
1908 1555 2036 1615 dentes
2060 1555 2242 1615 abstergit,

1265 1603 1536 1663 excrescentias
1554 1603 1588 1663 in
1606 1604 1710 1664 carne
1733 1606 1901 1666 cohibet,
1912 1606 2028 1666 ulcera
2051 1606 2201 1666 purgat,
2213 1606 2253 1666 &

1266 1655 1314 1715 ad
1333 1654 1504 1714 cicatricem
1516 1654 1700 1714 perducit.
1712 1655 1822 1715 Dinsc.
1835 1655 1969 1715 Pliniui,
1981 1655 2018 1715 &
2036 1655 2164 1715 Mauhi
2183 1655 2238 1715 lus

1315 1705 1575 1765 BUCCINUM
1594 1705 1625 1765 in
1649 1706 1898 1766 purpuratum
1917 1707 2053 1767 genere
2072 1706 2127 1766 est,
2140 1705 2184 1765 ad
2202 1703 2245 1763 si¬

1266 1756 1524 1816 militudinem
1542 1756 1617 1816 ejus
1634 1756 1795 1816 buccini,
1812 1756 1881 1816 quo
1899 1757 2013 1817 sonus
2030 1757 2163 1817 editur:
2174 1757 2249 1817 un¬

1271 1807 1311 1867 de
1334 1807 1368 1867 &
1380 1806 1482 1866 causa
1506 1807 1677 1867 nomini,
1688 1807 1728 1867 ex
1751 1808 1979 1868 rotunditate
1996 1808 2071 1868 oris
2094 1807 2128 1867 in
2145 1806 2247 1866 mar¬

1264 1855 1347 1915 gine
1365 1858 1490 1918 incisa.
1508 1859 1579 1919 Sed
1597 1859 1716 1919 major
1740 1859 1782 1919 est
1799 1859 1984 1919 purpura,
2002 1859 2239 1919 cuniculatim

1265 1906 1482 1966 procurrente
1506 1910 1635 1970 rostro,
1647 1910 1682 1970 &
1700 1910 1858 1970 cuniculi
1870 1910 1976 1970 latere
1994 1910 2176 1970 introrsus
2194 1909 2252 1969 tu¬

1262 1958 1405 2018 bulato,
1417 1958 1486 2018 qua
1503 1958 1711 2018 proferatur
1728 1960 1872 2020 lingua.
1890 1960 1958 2020 Cui
1975 1961 2114 2021 circum
2131 1961 2240 2021 orbes

1260 2008 1446 2068 aculeati,
1465 2009 1531 2069 qui
1543 2009 1706 2069 buccino
1723 2009 1802 2069 non
1819 2009 1952 2069 insunt,
1971 2009 2024 2069 sed
2043 2011 2175 2071 utrisque
2193 2012 2253 2072 or¬

1259 2060 1323 2120 bes
1345 2059 1523 2119 totidem,
1533 2059 1625 2119 quot
1641 2060 1781 2120 habent
1798 2062 1932 2122 annos.
1942 2063 2147 2123 Buccinum
2163 2062 2244 2122 non

1262 2110 1323 2170 nisi
1347 2110 1456 2170 petris
1475 2111 1656 2171 adhaeret,
1668 2112 1807 2172 circaque
1819 2113 2002 2173 scopulos
2020 2114 2165 2174 legitur.
2183 2113 2256 2173 Ea¬

1255 2161 1344 2221 dem
1362 2161 1535 2221 praestant
1553 2162 1794 2222 concremata
1811 2164 1979 2224 buccina,
1990 2165 2046 2225 sed
2064 2164 2243 2224 vehemen¬

1213 2214 2250 2275 [E] tius urunt. Si quis salis plena fictili crudo adurat,
1258 2263 1469 2323 dentifricio
1490 2264 1722 2324 conveniunt:
1738 2266 1917 2326 ambustis
1938 2267 2068 2327 utiliter
2089 2266 2245 2326 illinun¬

1248 2314 1329 2374 tur,
1340 2314 1472 2374 quibus
1495 2314 1582 2374 solvi
1605 2315 1933 2375 medicamentum
1955 2318 2036 2378 non
2059 2318 2237 2378 oportet:

1253 2365 1350 2425 nam
1372 2365 1624 2425 posteaquam
1647 2365 1790 2425 vulnus
1813 2368 2019 2428 cicatricem
2036 2368 2196 2428 duxerit,
2213 2369 2242 2429 i¬

1260 2414 1371 2474 psum
1389 2414 1424 2474 in
1442 2414 1529 2474 testę
1547 2416 1705 2476 modum
1723 2417 1957 2477 induratum,
1969 2418 2080 2478 sponte
2098 2419 2151 2479 sua
2174 2419 2244 2479 de¬

1256 2467 1370 2527 cidet.
1382 2467 1427 2527 Fit
1444 2465 1552 2525 etiam
1569 2465 1644 2525 calx
1666 2465 1678 2525 è
1701 2467 1877 2527 buccinis.
1883 2469 2134 2529 Buccinorum
2157 2470 2230 2530 car¬

1249 2516 1324 2576 nes
1341 2516 1394 2576 ori
1411 2516 1522 2576 gratae
1533 2516 1626 2576 sunt,
1638 2518 1673 2578 &
1684 2518 1882 2578 stomacho
1899 2519 2021 2579 utiles,
2034 2521 2091 2581 sed
2109 2522 2231 2582 alvum

1257 2566 1334 2626 non
1350 2566 1542 2626 molliunt.
1553 2567 1772 2627 Dioscorides,
1783 2568 1821 2628 &
1838 2569 2067 2629 Matthiolus.

1307 2618 1491 2678 CIONIA
1508 2618 1692 2678 vOcantur
1715 2620 1932 2680 purpurarum,
1943 2621 2233 2681 buccinorumque

1249 2668 1391 2728 mediae
1408 2668 1546 2728 partes,
1563 2669 1654 2729 circa
1671 2669 1757 2729 quas
1774 2669 1860 2729 testę
1877 2671 2054 2731 volumen
2071 2674 2230 2734 clavicu¬

1246 2719 1360 2779 latim
1382 2719 1638 2779 intorquetur.
1665 2720 1845 2780 Cremata
1868 2722 1976 2782 simili
1998 2725 2140 2785 modo,
2151 2725 2233 2785 ma¬

1244 2771 1368 2831 jorem
1391 2771 1590 2831 purpuris,
1602 2773 1848 2833 buccinisque
1866 2773 2077 2833 facultatem
2094 2776 2229 2836 utendi

1249 2822 1562 2882 consequuntur:
1580 2824 1768 2884 quoniam
1791 2825 2037 2885 apprimendi
2054 2828 2225 2888 naturam

1260 2873 1452 2933 obtinent.
1480 2873 1695 2933 Dioscorides.

1311 2923 1444 2983 Quales
1464 2924 1639 2984 MITULI
1659 2926 1772 2986 sintin
1786 2927 1913 2987 Italia,
1927 2929 1987 2989 qui
2007 2930 2074 2990 hac
2094 2931 2221 2991 nostra

1247 2974 1471 3034 tempestate
1496 2975 1757 3035 explicaverit,
1769 2978 1951 3038 hactenus
1969 2981 2091 3041 inveni
2109 2983 2231 3043 nemi¬

1244 3026 1355 3086 nem,
1367 3026 1483 3086 pręter
1501 3026 1618 3086 unum
1635 3026 1845 3086 Massarium
1869 3030 2074 3090 Venetum,
2091 3033 2150 3093 qui
2167 3034 2225 3094 eos

1246 3076 1405 3136 mitulos
1427 3077 1552 3137 putat,
1570 3077 1666 3137 quos
1690 3079 1860 3139 Adriatici
1877 3080 2014 3140 accolae
2031 3082 2145 3142 vulgò
2162 3087 2225 3147 ap¬

1242 3128 1390 3188 pellant
1408 3128 1587 3188 Muscioli,
1599 3128 1700 3188 quasi
1718 3130 1902 3190 musculos
1920 3132 2093 3192 dixerint.
2110 3135 2223 3195 Cujus

1244 3178 1375 3238 opinio
1405 3178 1513 3238 nobis
1536 3179 1697 3239 maximè
1714 3181 1921 3241 probatur:
1938 3184 2082 3244 quippe
2110 3185 2225 3245 quòd

1247 3227 1282 3287 &
1299 3227 1444 3287 forma,
1462 3229 1497 3289 &
1508 3230 1659 3290 nomine
1683 3233 1875 3293 conchylia
1893 3235 1933 3295 ita
1951 3236 2079 3296 vocata
2102 3236 2218 3296 legiti¬

1240 3280 1323 3340 mos
1341 3283 1501 3343 referant
1525 3286 1697 3346 mitulos.
1720 3287 1815 3347 Suni

2051 3356 2206 3392 majores
