2479 3508
259 137 335 197 go.

1046 126 1153 186 De
1194 128 1493 188 Marinis.

2156 137 2237 197 90

246 184 1239 256 majores, testa exteriùs lineis quibusdam scabra;
247 250 348 310 intùs
367 250 450 310 verò
468 249 665 309 pellucida,
677 247 713 307 &
731 247 803 307 tota
827 245 988 305 pondere
1006 244 1114 304 levis.
1132 245 1221 305 Cae¬

253 299 370 359 terùm
396 299 519 359 Mituli
539 298 576 358 in
594 298 719 358 Ponto
737 296 998 356 laudatissimi.
1004 295 1029 355 *
1048 295 1215 355 Cremati

247 350 412 410 eundem
439 348 598 408 buccinis
625 347 804 407 effectum
831 346 1017 406 praebent,
1038 346 1216 406 privatim

248 398 403 458 plumbi
426 398 529 458 more
552 398 673 458 eloti,
696 397 908 457 oculorum
936 397 1223 457 medicamentis

246 448 331 508 cum
349 449 459 509 melle
477 449 575 509 utiles
593 448 800 508 habentur:
819 446 1081 506 palpebrarum
1093 445 1228 505 crassis¬

243 499 398 559 tudines
421 499 633 559 absumunt,
639 497 828 557 albugines
845 496 1018 556 purgant,
1029 496 1057 556 &
1075 497 1218 557 caetera,

244 548 329 608 quae
346 548 459 608 oculis
482 548 674 608 caliginem
691 547 917 607 offundunt.
935 547 1075 607 Carnes
1093 545 1217 605 eorum

251 598 299 658 ad
321 598 419 658 canis
435 599 576 659 morsus
592 599 723 659 utiliter
740 598 1000 658 imponuntur.
1011 598 1217 658 Diosiorides,

253 649 304 709 &
321 646 549 706 Matthiolus.

316 698 1243 748 TELLINAE in Italia, praesertim Romae, no¬
246 738 1243 808 tissimae sunt, ubi plurimae venales circumferun¬
252 797 332 857 tur,
345 797 450 857 quòd
469 797 612 857 edendo
630 796 711 856 sint,
723 796 761 856 &
773 796 829 856 ori
842 796 1053 856 admodum
1071 796 1190 856 gratae,
1202 796 1226 856 si

249 847 385 907 tamen
411 848 457 908 ab
476 848 580 908 arena
606 848 749 908 optimè
762 847 1054 907 repurgentur.*
1074 845 1222 905 Recen¬

250 895 313 955 tes
337 898 482 958 Tellinae
506 898 587 958 alvo
605 898 732 958 utiles;
750 898 808 958 sed
826 898 983 958 maximè
1000 896 1059 956 jus
1076 896 1221 956 eorum.

247 946 377 1006 Salitae
388 947 563 1007 uruntur.
575 947 711 1007 tritaeque
722 949 756 1009 in
772 949 948 1009 cinerem,
959 947 993 1007 &
1004 947 1089 1007 cum
1106 946 1225 1006 cedria

246 995 451 1055 instillatae,
463 997 608 1057 avulsos
631 998 890 1058 palpebrarum
902 998 998 1058 pilos
1016 998 1155 1058 renasci
1173 997 1227 1057 non

248 1046 474 1106 patiuntur.
485 1048 700 1108 Dioscorides,
711 1046 752 1106 &
769 1046 989 1106 Matihiolus.

312 1096 515 1156 CHAMAE
544 1097 669 1157 praeter
699 1096 835 1156 caeteras
859 1096 1020 1156 conchas
1032 1096 1067 1156 id
1092 1097 1150 1157 sibi
1169 1099 1229 1159 pe¬

248 1145 389 1205 culiare
413 1145 567 1205 ascivere
610 1145 720 1205 quòd
746 1145 917 1205 plerunque
942 1145 973 1205 in
997 1145 1102 1205 litore
1120 1147 1225 1207 hian¬

250 1197 1245 1262 tes inveniuntur. Idcirco eas rectè chamas dici
259 1247 370 1307 posse
393 1245 632 1305 putaverim;
649 1244 737 1304 quae
748 1244 783 1304 in
807 1246 958 1306 marinis
981 1246 1062 1306 oris,
1075 1246 1243 1306 panden¬

258 1297 312 1357 tes
330 1295 390 1355 sese
408 1295 486 1355 laevi
504 1295 582 1355 testa
606 1295 786 1355 contectae
798 1296 1049 1356 reperiuntur.
1073 1295 1229 1355 Harum

258 1346 557 1406 quamplurimae
575 1346 609 1406 in
633 1346 809 1406 Adriatici
832 1346 938 1406 litore
961 1346 1061 1406 sunt.
1073 1346 1102 1406 *
1120 1346 1225 1406 Cha¬

249 1397 431 1457 marum,
443 1396 678 1456 aliarumque
695 1396 966 1456 conchularum
989 1396 1025 1456 in
1042 1396 1172 1456 exigua
1195 1396 1237 1456 a¬

255 1445 331 1505 qua
354 1447 595 1507 decoctarum
606 1447 683 1507 jus,
694 1447 817 1507 alvum
829 1447 911 1507 ciet.
929 1447 958 1507 id
975 1447 1057 1507 cum
1075 1446 1157 1506 vino
1181 1445 1233 1505 as¬

262 1495 448 1555 sumitur.
458 1496 575 1556 Iidem.

325 1547 585 1607 COCHLEAE
608 1547 763 1607 marinae
780 1547 815 1607 in
833 1546 934 1606 Italia
952 1546 1094 1606 medite
1105 1546 1235 1606 rraneis

255 1595 444 1655 perquàm
467 1595 550 1655 rarò
573 1595 608 1655 in
632 1595 720 1655 cibis
738 1595 921 1655 veniunt:
938 1595 1163 1655 quanquam
1175 1596 1233 1656 iis,

247 1646 329 1706 qui
347 1646 452 1706 matis
469 1646 575 1706 litora
591 1646 825 1706 inhabitant,
842 1645 1086 1705 frequentiori
1103 1644 1170 1704 sint
1187 1643 1231 1703 u¬

264 1693 338 1753 sui.
350 1694 378 1754 *
400 1696 612 1756 Stomacho
634 1696 720 1756 caro
737 1696 896 1756 idonea,
920 1694 954 1754 &
965 1694 1068 1754 facilè
1091 1694 1170 1754 alvo
1187 1694 1228 1754 ex
1250 1694 1279 1754 D

261 1747 443 1807 cernitur.
464 1745 646 1805 Crematae
667 1745 838 1805 omnium
854 1744 950 1804 testae
966 1744 1206 1804 excalefacien

261 1796 300 1856 di
318 1796 352 1856 &
369 1796 502 1856 urendi
519 1796 686 1856 naturam
703 1795 916 1855 sortuuntur:
927 1795 1082 1855 purgant
1099 1793 1231 1853 lepras,

264 1846 480 1906 vitiligines,
497 1845 680 1905 dentesque:
692 1844 897 1904 emendant
914 1843 1114 1903 oculorum
1136 1844 1233 1904 cica¬

262 1897 396 1957 trices,
420 1897 457 1957 &
469 1897 555 1957 vitia
579 1895 665 1955 tuus
683 1894 713 1954 in
726 1894 842 1954 facie,
854 1892 1068 1952 albugines,
1086 1893 1227 1953 acvisus

264 1946 532 2006 hebetudines,
544 1945 561 2005 si
579 1945 626 2005 cum
643 1945 743 2005 carne
766 1945 819 2005 sua
836 1943 936 2003 ustae,
947 1943 1076 2003 uitaeque
1087 1943 1128 2003 ex
1146 1942 1233 2002 mel¬

256 2045 370 2105 aquae
381 2045 472 2105 inter
489 2045 607 2105 cutem
625 2044 789 2104 tumores
806 2042 988 2102 exugunt:
999 2042 1061 2102 sed
1079 2042 1152 2102 non
1175 2042 1237 2102 an¬

259 1996 1270 2056 le illinantur. Crudae cum tegumentis impositae,
258 2095 291 2155 tè
313 2096 516 2156 solvantur,
533 2095 645 2155 quàm
662 2094 780 2154 omnis
803 2093 982 2153 hauriatur
1004 2092 1156 2152 humor.
1167 2092 1240 2152 Po¬

256 2146 433 2206 dagricas
450 2146 775 2206 inflammationes
792 2144 946 2204 leniunt:
963 2143 1156 2203 impactos
1173 2144 1253 2204 cor¬

265 2196 358 2256 pori
370 2195 522 2255 aculeos
545 2194 638 2254 illitae
656 2194 837 2254 evocant:
854 2194 994 2254 menses
1012 2192 1105 2252 iritae
1117 2190 1152 2250 &
1170 2189 1233 2249 ad¬

266 2245 381 2305 motae
398 2246 514 2306 ciunt.
525 2246 663 2306 Carnes
681 2245 807 2305 earum
819 2242 899 2302 cum
917 2242 1021 2302 thure
1044 2242 1072 2302 &
1090 2242 1234 2302 myrrha

264 2296 392 2356 illitae,
406 2299 492 2359 cùm
506 2298 649 2358 vulnera
670 2297 756 2357 alia,
771 2295 850 2355 tum
864 2293 1021 2353 maximè
1043 2293 1128 2353 quae
1142 2293 1242 2353 nervi

1239 176 2265 262 [A] acceperunt, conglutinant: ritae in aceto, sangui¬
1280 242 2260 301 nem naribus erumpentem infraenant. Vivae cor¬
1285 298 2262 360 pus & praesertim Aphricanae, cùm aceto devo¬
1281 348 2254 411 ratum stomachi dolores mitigat. trita cum testa,
1277 401 2266 463 vino & myrrha, si exiguum inde bibatur, coli,
1289 446 2251 513 vesitaeque cruciatus sanat. Terrestris pilos incom¬
1283 494 2267 553 modos replicat, si quis abraso acu, lentore ejus,
1289 546 2101 613 pilum attingat. Dioscorides, & Matthiolus.
1326 582 2265 652 CANCHORUM exustorum cinis, qui duo coch¬
1280 644 2265 700 leatia expleat, abjecto dimidio radicis gentia¬
1243 698 2263 748 [B] nae modo, triduo potus cum vino, magnopere
1243 742 2263 807 prodest canis rabiosi morsibus: rimas pedum
1287 807 2262 857 sedisque; perniunculos, carcinomata, cum de¬
1278 845 2257 907 cocto melle lenit. Triti crudi, potique ex asinino
1286 896 2258 953 lacte, auxiliantur contra serpentium phalangio¬
1291 945 2271 1015 rumque morsus, atque scorpionum ictus. Decocti
1289 996 2269 1061 autem, & cum jure esitati, iis prosunt, qui tabe
1290 1047 2269 1097 conficiuntur, aut leporem marinum hauserunt.
1278 1095 2268 1160 Necant scorpiones triti, & cum ocymo admoti.
1285 1146 2269 1206 Possunt eadem marini: verùm inefficaciùs omnia
1245 1193 1728 1263 [C] praestant. Dioscorides.
1337 1220 2275 1305 Est SEPIIS in dorso os candidum, superiori
1289 1300 2266 1363 parte durum ac lęve: inferiori autem fungosa qua¬
1304 1343 2276 1403 dam medulla repletum, quae & leviter aspera, &
1283 1389 2270 1453 ligni modo frequentibus venis distincta visitur.
1290 1441 2278 1503 * Expetuntur Sepiae ossa aurifabris: facilè enim
1292 1482 2277 1552 in partem illam fungosam annulorum, caetera¬
1292 1543 2277 1610 rumque rerum formas imprimas, quae metallis i¬
1290 1594 2143 1660 gne colliquatis expleri solent. Matthiolus.
1404 1642 2152 1730 [D] De marinis qualitate occulta alte¬
1667 1713 1894 1804 rantibus.
1344 1758 2264 1850 UNIONUM pulvis contra cardia cum affe¬
1303 1813 2268 1905 ctum valde pollet, modò veri, & Orientales fue¬
1288 1891 1769 1958 rint uniones. Mizaldus.
1339 1921 2282 2003 BITUMINIS suffitu, experimento certissimo.
1270 2019 2278 2048 compertum est, sive crudum sit, sive uratur, mu¬
1302 2044 2267 2110 lieres utero strangulatas ex templò revocari. Quam¬
1300 2095 2269 2150 obrem nonnulli foeminarum collo, quae ei mor¬
1368 2144 2218 2199 bo sunt obnoxiae, lana exceptum appen¬
1481 2190 2112 2267 dunt, ut cerebro olfactu paro¬
1615 2236 1975 2313 xysmum arceat.
1706 2291 1857 2358 Idem.
