2479 3508
263 148 411 208 109

1120 148 1208 208 De
1236 146 1458 206 Folius.

2114 118 2283 229 110
513 190 985 292 De foliis temperatis.
317 268 1242 341 ADIANTHI duo sunt genera, candidius &
239 284 1240 382 nigrum. Candidum (officinae Capillum
252 373 1239 437 Veneris: German. Frawen oder Venus haar. Hi¬
234 421 1240 479 span. Cantrillo de pozo appellant) pusilla gerit fo¬
244 474 1229 538 lia, similia Coriandri, in summo incisuris divi¬
245 525 1231 582 sa: cauliculi, quibus exoriuntur, nigro colore ni¬
242 577 1230 648 tent, praetenues, palmum alti: radice superva¬
247 635 1230 690 cua: neque caulem, neque fructum, neque florem
257 680 1237 741 profert. Nigrum (officinis Polytrichon & Tri¬
247 722 1281 795 chomanes dictum) filici simile, sed exilius: fo¬
248 773 1226 841 liis lenticulae, tenuibus, in ordinem utrinque dige¬
235 830 1236 884 stis, adversis in se, in ramulis tenuibus acerbis,
241 881 1239 944 fusco colore splendentibus. Ambo umbrosis &
252 933 1235 993 palustribus, circa parietum aspergines, & fontium
257 987 1233 1043 specus enascuntur. Colligitur mense Septem¬
253 1029 1233 1100 bri. Conservatur vix per annum. * Alvum sub¬
252 1081 1237 1144 ducit, bilem & pituitam dejicit, crassaque excre¬
242 1139 1230 1189 menta quae diu interioribus inhaeserunt. Pectus
257 1177 1240 1242 & pulmonem detergit, sanguinem clarificat, bo¬
256 1233 1243 1283 num facit habitum, animam dilatat, & jecur &
241 1278 1229 1339 ventriculum purgat, praesertim si obstructione
257 1328 1232 1383 laborent, tametsi ad eorum infarctus potentius
256 1381 1231 1432 sit ejus dilutum ex apii, aut endiviae aqua para¬
257 1431 1240 1499 tum, aut ex cicerum nigrorum jure, aut caprino
249 1480 1231 1543 sero. Sed si addatur saccharum, lateris inflam¬
255 1537 1231 1595 mationes sanat, & urinam trahit. Ejus praeterea
251 1584 1234 1641 decoctum frequentiùs potum calculos frangit,
256 1618 1237 1694 & foeminas à partu purgat. Hos autem effectus
266 1684 1244 1747 praebet calida tantùm facultate, quae illi inest. At
261 1704 1265 1786 astringente vi, qua etiamnum pollet, defluxiones
260 1782 1265 1848 inhibet: fluentem sanguinem sistit, ventriculum
248 1830 1265 1889 roborat, & capillorum defluvium usque adeò
261 1884 1265 1942 emendat, ut non modò eos cohibeat, sed & rena¬
258 1932 1230 2001 sci faciat, pręsertim emplastri modo impositum,
262 1981 1239 2036 myrthino oleo, ladano, & austero vino additis.
255 2031 1265 2096 Idem praestat & combusti cinis: quinetiam ejus
261 2083 1231 2154 ex vino decoctum furfures reiteratis lotionibus
251 2147 1265 2200 depellit. Ejus cinis haec omnia potest, & aegilo¬
261 2189 1265 2252 pas curat. Ipsius diluti libra epota commodissi¬
246 2233 1265 2297 mè alvus subducitur. Dioscor. Mesues, Saladinus,
257 2284 565 2353 & Matthiolus.
316 2339 1265 2389 ASPARAGI (Germ. Spargen. Gall. des Asper¬
254 2382 1265 2452 ges dicunt) genera duo sunt, sativus & sylvestris
263 2445 1265 2497 Sylvestris Corruda dicitur: vulgaris est notitiae.
266 2486 1265 2538 Sativus, multis ramis fruticat, foliis foeniculi,
252 2535 1265 2598 longis, numerosis: radice rotunda, grandi, spon¬
266 2582 1234 2656 giam habente: In hortis seruntur, & plantantur,
263 2640 1265 2698 inque nonnullis locis lapidosis sponte prove¬
267 2695 1265 2749 niunt. Colliguntur mense Aprili. Non servan¬
268 2740 1265 2795 tur diu, sed virides tantùm in usum veniunt.
263 2787 1265 2835 * Abstergunt, jecur infarctu liberant, & maxi¬
260 2834 1265 2900 mè radices: dentium dolores sanant. Stoma¬
274 2893 1265 2947 cho utiles sunt, urinam cient, & parum praebent
260 2931 1245 3003 alimenti. oculis claritatem adferunt: pectoris
272 2998 1265 3047 & spinae doloribus prosunt. Venerem stimu¬
267 3041 1265 3104 lant, & ventrem leniter molliunt: urinam foeti¬
261 3088 1269 3136 dam trahunt: regium mrobum sanant. Dioscori¬
280 3140 358 3200 des,
370 3139 487 3199 Galen.
498 3139 537 3199 &
554 3137 705 3197 Plinius.

287 3190 654 3250 CATTRACTILIS
668 3188 868 3248 (German.
881 3187 1003 3247 Wilder
1022 3188 1241 3248 felbsaffran.)

274 3241 377 3301 spina
401 3240 444 3300 est
469 3239 572 3299 enico
591 3239 731 3299 similis,
743 3238 834 3298 folia
865 3238 981 3298 multò
999 3238 1170 3298 longiora
1194 3238 1249 3298 fe¬

277 3292 364 3352 rens
382 3292 413 3352 in
432 3292 581 3352 summis
606 3292 730 3352 virgis,
743 3292 879 3352 magna
904 3292 1004 3352 parte
1028 3290 1140 3350 nuda,
1152 3289 1251 3349 aspe¬

1231 197 2287 271 [A] raque qua foeminae pro fusis utuntur. capitula in
1302 263 2288 324 cacumine spinis horrent: flos luteus, quibusdam
1297 315 2281 385 in locis purpureus invenitur: radix tenuis, super¬
1300 368 2280 424 vacua. * Coma, semen & folia cum pipere & vi¬
1294 415 2277 484 no teruntur utilissimè contra scorpionum ictus.
1300 463 2271 531 Percussos tradunt quandiu ea teneatur herba,
1279 498 2277 590 nullum experiri dolorem, ipsumque deposita sta¬
1295 565 1882 638 tim recrudescere. Dioscorides.
1399 611 2170 724 De foliu seu herbis calidis in gradu
1685 697 1862 778 [B] primo.
1341 759 2274 849 ABSINTHII genera tria sunt vulgare, mari¬
1283 817 2256 906 num, & santonicum Vulgare ab aliquibus ba¬
1296 877 2269 960 thypicron (Germ. Wermuttraut. Gall. Aloine. Ital.
1292 933 2275 990 Assentio Hisp. Eucensioi vocatur) herba vulgò co¬
1301 980 2264 1049 gnita. Marinum, quod aliqui Scriphium vocant,
1294 1033 2265 1100 copiosissimum in Tauro monte, iuxta Cappa¬
1294 1081 2278 1152 dociam gignitur. Herba est tenuis, abrotani par¬
1299 1132 2270 1193 vi similitudine, referta minutulis seminibus, sub¬
1286 1191 2275 1246 amara, stomacho inimica. graviter olet, & cum
1243 1256 2282 1282 [C] quadam calfactione adstringit. Santonicum, quo
1300 1280 2275 1351 Gallia alpibus finitima scatet, absinthio vulgari
1290 1332 2266 1394 non dissimile: verùm subamarum est, non adeò
1298 1380 2269 1452 seminis foecundum. Eligitur vulgare, & potissi¬
1298 1433 2271 1496 mùm Ponticum & Romanum. Colligitur in Ve¬
1300 1481 2278 1543 re, vel principio aestatis, & autumno, ante Solis
1301 1529 2272 1586 ortum. Conservatur autem per annum. Dosis
1301 1584 2274 1638 ejus decocti aut infusi potio est ab ξV. usque ad
1304 1628 2282 1681 vij. Et pulveris ejus à 3 ij. usque ad 3 iij. * Absin¬
1289 1693 2280 1748 thium calefacit & adstringit. Bilem expurgat, quae
1265 1704 2250 1787 [D] & stomacho, & ventri inhaesit: urinam cit, & cra¬
1265 1781 2273 1854 pulam praesumptum arcet. ad inflationes ven¬
1265 1828 2274 1893 tris & stomachi dolores prodest: fastidia discu¬
1265 1884 2279 1949 tit, arquatos sanat, & febres diuturnas: menses
1303 1931 2145 2003 cit potum, &c. Dioscor. Mesue, & Saladinus.
1343 1961 2278 2047 ALTHAEA, quam alii Ibiscum, alii Bismal¬
1265 2025 2284 2106 vam, German. Eibischtraut. Gall. Guimanue. Itali
1304 2081 2272 2132 verò Maluauisco vocant, in sylvestrium malva¬
1265 2143 2274 2198 rum genere est, cui folia ut cyclamino rotunda,
1265 2183 2287 2254 lanugne canescunt: flote rosaceo: bicubitali
1265 2233 2285 2301 [E] caule: radicè lenta, intùs alba. Althaea appella¬
1301 2282 2276 2350 tur, quòd inter primas sit utilis, & pluribus pol¬
1265 2333 2274 2390 leat remediis. Colligitur cùm floret, locis hu¬
1265 2379 2280 2451 mentibus pinguibusque. Conservatur autem
1265 2443 2292 2501 per annum. * Decocta in vino aut aqua mul¬
1265 2483 2285 2539 sa, & per se tùm imponitur tusa, efficax est con¬
1265 2533 2275 2601 tra vulnera: item ad strumas, parotidas, absces¬
1304 2584 2287 2656 sus, mammarum inflammationes, fracta, sedis
1265 2631 2272 2699 inflationes, nervorum tigores: siquidem discu¬
1265 2692 2281 2753 tit, &t excoquit, rumpit, &t ad cicatricem perdu¬
1265 2735 2281 2798 [F] cit. Cocta (ut dictum est) adjecto suillo adipe,
1265 2780 2276 2838 aut anserino, terebinthináve, ut malagmatis len¬
1265 2837 2279 2899 tor fiat, facit ad vulvae inflammationes, praeclu¬
1265 2883 2287 2951 sionesque in pessis subdita. Decoctum eodem fun¬
1315 2939 2286 3002 gitur munere: onera vulvae, reliquiasque à partu
1265 2997 2278 3052 extrahit. Decoctae radicis succus ex vino potus,
1265 3061 2286 3093 succurrit urinae difficultati, calculosorum crudi¬
1269 3083 2264 3138 tatibus, dysentericis, ischiadicis, tremulis, ru¬
1314 3135 1395 3195 ptis,
1406 3134 1575 3194 dentium
1597 3134 1727 3194 mulcet
1743 3136 1929 3196 dolorem,
1945 3137 2027 3197 cum
2043 3137 2147 3197 aceto
2168 3136 2277 3196 deco¬

1302 3184 1379 3244 cta,
1397 3185 1541 3245 colluto
1565 3185 1750 3245 indeore.
1773 3185 1899 3245 Viride
1928 3185 2047 3245 semen
2065 3185 2280 3245 siccumque

1311 3236 1456 3296 tritum,
1468 3236 1665 3296 vitiligines
1683 3238 1718 3298 in
1735 3238 1816 3298 Sole
1839 3238 1921 3298 cum
1944 3238 2049 3298 aceto
2072 3237 2246 3297 peruncta

1315 3289 1511 3349 emendat.
1530 3290 1679 3350 Eodem
1691 3290 1774 3350 cum
1792 3290 1875 3350 oleo
1899 3290 1935 3350 &
1946 3290 2054 3350 aceto
2072 3287 2250 3347 peruncti,
2262 3287 2268 3347 à
