2479 3508
310 5 335 65 3

666 4 1004 64 Droiiis
1044 2 1263 62 calidis
1292 2 1362 62 in
1392 2 1601 62 gradu
1630 7 1888 67 primo.

2184 10 2338 70 114

190 50 1243 130 sitas, binae partes herbae dari, modò floris aut ra¬
181 129 1243 184 dicis pars una, modò contrà flotis partes duae, &
184 182 313 242 herbae
336 182 430 242 una;
453 182 711 242 permutatim
734 184 939 244 duplitato
963 185 1162 245 pondere,
1174 185 1220 245 al¬

179 234 1243 303 ternis diebus. bibere autem oportet in vino mul¬
191 289 220 349 so
241 290 392 350 diluto.
407 290 638 350 Dioscorides.

239 341 327 401 Cus
346 343 491 403 CUTA,
517 344 663 404 Graecis
688 346 732 406 &
751 347 1036 407 recentioribus
1067 344 1219 404 Cassu¬

186 397 264 457 tha,
276 397 390 457 Germ
413 398 539 458 Flachs
557 400 659 460 seiden
683 400 689 460 /
708 401 911 461 Filtztraut.
929 403 1037 463 Gall.
1048 401 1162 461 Goute
1180 398 1216 458 de

188 451 247 511 lin,
260 451 292 511 on
312 452 431 512 agoure
451 452 484 512 de
504 454 550 514 lin
569 454 688 514 dicta,
708 455 840 515 planta
866 457 912 517 est
939 455 1149 515 capillaris,
1163 454 1215 514 si¬

183 505 221 565 ne
239 505 359 565 foliis,
371 506 542 566 reliquas
567 508 719 568 plantas
744 510 958 570 involvens
983 511 1020 571 &
1034 511 1228 571 enecans.

181 557 313 617 Flores
332 559 412 619 edit
439 561 551 621 albos
577 563 696 623 quàm
730 565 948 625 plurimos,
967 565 981 625 à
1001 564 1140 624 quibus
1160 562 1219 622 se¬

188 613 270 673 men
289 614 403 674 tenue
422 615 581 675 prodit.
599 616 701 676 Cirri
714 619 929 679 rufescunt,
942 619 1037 679 vitium
1049 619 1214 679 capreo¬

178 667 217 727 lis
236 668 482 728 crassitudine
509 670 541 730 &
554 670 651 730 facie
677 672 808 732 pares.
820 673 924 733 Nota
950 674 1015 734 est.
1028 674 1216 734 Deligen¬

189 721 233 781 da
253 721 311 781 est,
324 722 408 782 quae
427 722 466 782 in
492 724 640 784 genista
660 725 866 785 reperitur.
879 727 1092 787 Colligitur
1104 726 1220 786 men¬

185 773 216 833 se
235 775 359 835 Junio,
378 777 496 837 Jalio,
515 778 546 838 &
564 779 745 839 Augusto
776 781 1044 841 Conservatur
1062 781 1131 841 per
1149 781 1217 841 an¬

181 830 290 890 num,
302 830 338 890 &
351 830 497 890 ultra*
509 832 728 892 Excalfacit
746 835 880 895 ordine
904 838 1045 898 primo,
1063 838 1227 898 siccatque

185 884 367 944 secundo.
379 886 593 946 Abstergit,
605 887 636 947 &
648 889 831 949 quadam
850 890 937 950 cum
956 890 1219 950 adstrictione

187 938 365 998 roborat.
391 939 550 999 Jecoris
577 943 875 1003 obstructiones
901 946 1047 1006 aperit,
1060 944 1226 1004 infarcti

186 991 286 1051 lienis
306 993 388 1053 vitia
413 995 602 1055 expedit:
621 998 735 1058 venas
754 1000 950 1060 pituitosis
975 1000 1057 1060 atque
1064 998 1215 1058 biliosis

194 1045 374 1105 exonerat
393 1048 658 1108 humoribus:
670 1052 786 1112 urinam
799 1054 922 1114 pellit,
934 1054 966 1114 &
986 1054 1089 1114 regio
1108 1052 1218 1112 mor¬

187 1096 231 1156 bo
250 1101 442 1161 subvenit.
454 1106 678 1166 Puerorum
697 1108 876 1168 febribus
895 1106 1131 1166 auxiliatur:
1151 1105 1214 1165 sed

189 1154 360 1214 diuturno
390 1156 464 1216 usu
488 1159 715 1219 ventriculum
727 1162 873 1222 gravat:
892 1163 978 1223 quae
996 1162 1130 1222 tamen
1148 1160 1222 1220 no¬

198 1209 406 1269 ratollitur,
425 1210 450 1270 si
469 1212 563 1272 anisi
583 1215 834 1275 momentum
854 1217 1080 1277 adjiciatur.
1093 1214 1213 1274 Bilem

196 1261 324 1321 dejicit,
343 1264 567 1324 praesertim
586 1269 791 1329 absinthio
817 1271 1009 1331 admista.
1034 1270 1079 1330 In
1098 1268 1220 1328 quem

199 1315 280 1375 ulum
300 1318 341 1378 de
355 1321 564 1381 coquitur,
577 1324 773 1384 bibiturque
794 1325 875 1385 ejus
895 1325 1051 1385 decocti
1071 1325 1220 1385 selibra,

195 1372 448 1432 tumsacchari
472 1376 732 1436 sesquuncia.
751 1377 991 1437 Matthiolus:

244 1429 568 1489 EUPATORIUM
600 1431 854 1491 Graecorum,
867 1433 1029 1493 vulgaris
1055 1435 1230 1495 agrimo¬

215 1477 255 1537 nia
273 1478 320 1538 est.
331 1480 472 1540 Germ.
484 1484 711 1544 Odermenig.
729 1486 834 1546 Gall.
846 1486 893 1546 De
910 1487 1114 1547 lampatoire
1132 1489 1167 1549 ou
1190 1489 1225 1549 a¬

211 1535 354 1595 gomine.
379 1537 660 1597 Eupatorium
691 1540 909 1600 Avicennae
929 1540 972 1600 id
997 1541 1066 1601 esse
1097 1543 1222 1603 credi¬

221 1583 277 1643 tu,
284 1586 368 1646 quod
382 1590 509 1650 vulgò
530 1593 768 1653 Eupatorium
789 1594 1020 1654 appellant,
1041 1596 1147 1656 foliis
1168 1597 1231 1657 ca¬

223 1638 301 1698 rabis
313 1643 516 1703 lylvestris,
529 1645 568 1705 &
588 1646 809 1706 secundum
829 1648 952 1708 aquas
972 1648 1116 1708 crescit:
1135 1651 1219 1711 vul¬

218 1691 256 1751 gò
269 1694 327 1754 non
346 1697 430 1757 est.
444 1699 501 1759 Eu
521 1700 720 1760 patorium
739 1702 887 1762 Mesuae
900 1702 1022 1762 herba
1048 1703 1093 1763 est
1112 1706 1221 1766 ama¬

212 1744 237 1804 In
249 1750 470 1810 quibusdam
489 1756 772 1816 camphorata,
785 1756 860 1816 aliis
879 1757 999 1817 herba
1017 1757 1137 1817 giulia
1156 1759 1212 1819 di¬

203 1798 254 1858 da,
268 1803 339 1863 quae
351 1808 615 1868 Dioscoridis
635 1810 808 1870 ageratum
821 1811 1001 1871 putatur.
1020 1813 1136 1873 Cum
1149 1815 1219 1875 ita¬

213 1853 263 1913 que
276 1856 403 1916 omnes
428 1860 491 1920 hae
504 1862 650 1922 plantae
663 1864 922 1924 cupatorium
948 1867 1219 1927 appellentur,

198 1912 545 1972 inimadvertendum
557 1916 626 1976 est,
638 1918 687 1978 ne
713 1918 998 1978 indifferenter
1010 1919 1128 1979 altera
1153 1922 1214 1982 pro

189 1962 282 2022 altesa
302 1969 521 2029 usurpetur:
535 1972 595 2032 sed
615 1972 648 2032 in
674 1972 808 2032 Gręcis
828 1973 1221 2033 compositionibus,

192 2019 400 2079 agimoniae
424 2025 523 2085 usus
547 2026 621 2086 est:
639 2026 682 2086 in
707 2026 977 2086 Avicennaeis,
989 2029 1216 2089 Avicennae:

193 2068 219 2128 in
239 2074 419 2134 Mesuaeis.
433 2078 586 2138 Mesuae
600 2081 859 2141 cupatorium
879 2081 1126 2141 usurpandum
1153 2084 1219 2144 est:

191 2125 312 2185 singuli
325 2130 433 2190 enim
452 2132 523 2192 suo
542 2134 765 2194 Eupatorio
791 2135 1008 2195 peculiares
1027 2135 1065 2195 ac
1085 2137 1218 2197 diver¬

192 2178 246 2238 sas
258 2183 460 2243 facultates
485 2188 686 2248 tribuunt?
722 2189 936 2249 Caeterùm
961 2191 1217 2251 cupatorium

187 2236 415 2296 Dioscoridis
440 2241 643 2301 enascitur
668 2242 699 2302 in
725 2243 940 2303 uliginosis
965 2245 1098 2305 locis,
1117 2245 1161 2305 &
1180 2247 1218 2307 in

184 2288 360 2348 scrobium
379 2294 656 2354 marginibus:
669 2297 883 2357 Avicennae
902 2297 990 2357 verò
1015 2299 1053 2359 &
1065 2299 1210 2359 Mesuae

183 2342 217 2402 in
237 2347 534 2407 campestribus!
568 2350 830 2410 Colliguntur
850 2351 885 2411 in
911 2351 993 2411 fine
1013 2353 1140 2413 Vrris,
1155 2355 1215 2415 vel

184 2398 356 2458 principio
375 2401 542 2461 aestatis.
554 2404 823 2464 Conservantur
848 2405 938 2465 verò
957 2405 1021 2465 per
1040 2407 1212 2467 annum,

188 2450 262 2510 tam
275 2455 398 2515 herba,
411 2458 535 2518 quàm
554 2459 709 2519 succus.
734 2459 1007 2519 Decoctionis
1031 2459 1144 2519 potio
1162 2461 1211 2521 est

184 2503 220 2563 ab
242 2504 249 2564 3
279 2506 315 2566 iij
337 2509 432 2569 usque
446 2511 498 2571 ad
519 2512 593 2572 Zvi
622 2513 651 2573 &
672 2515 840 2575 pulveris
855 2515 935 2575 ejus
957 2515 972 2575 à
1001 2515 1016 2575 3
1038 2515 1067 2575 ij
1081 2516 1212 2576 usque

193 2555 235 2615 ad
256 2558 263 2618 3
277 2560 333 2620 iij.
368 2563 417 2623 Et
438 2565 535 2625 loco
564 2567 640 2627 ejus
669 2567 829 2627 ponitur
858 2569 892 2629 in
913 2569 1074 2629 defectu
1095 2570 1214 2630 ipsius

186 2613 361 2673 absinthii
382 2617 420 2677 &
433 2617 538 2677 asari
557 2620 629 2680 ana
655 2621 838 2681 medium
864 2623 1059 2683 ponderis
1085 2625 1222 2685 ipsius.

223 2667 401 2727 Calidum
433 2672 477 2732 est
497 2672 535 2732 in
554 2674 713 2734 primo,
726 2675 872 2735 siccum
885 2675 923 2735 in
943 2677 1146 2737 secundo,
1165 2678 1210 2738 est

189 2721 345 2781 partium
364 2727 565 2787 ienuium,
578 2729 786 2789 incidendi
799 2729 1078 2789 extergendique
1091 2733 1222 2793 facul¬

181 2773 286 2833 tatem
313 2780 492 2840 obtinet!
518 2783 710 2843 quocirta
736 2785 1027 2845 obstructiones
1053 2785 1205 2845 jecoris

179 2831 384 2891 expurgat,
398 2836 521 2896 hepar
534 2839 719 2899 roborat.
739 2840 863 2900 Medici
883 2840 1089 2900 Florentini,
1102 2840 1184 2900 Gale

174 2881 247 2941 nus,
259 2884 296 2944 &
315 2887 536 2947 Saladinus.

222 2940 520 3000 MELILOTUS
549 2945 620 3005 sive
641 2946 783 3006 Sertula
804 2947 1032 3007 Campana,
1046 2948 1224 3008 Gulden/

192 2987 246 3047 tics
264 2995 489 3055 Germanis,
501 2998 580 3058 eder
604 2999 702 3059 vnser
720 3001 872 3061 Frawen
896 3001 1090 3061 schüchiein.
1102 3004 1218 3064 Gall.

174 3040 211 3100 du
235 3045 403 3105 Melilis)
421 3051 520 3111 flore
545 3052 595 3112 est
607 3054 737 3114 luteo,
749 3056 885 3116 colore
904 3056 1040 3116 vicino
1064 3058 1213 3118 croco.

188 3098 377 3158 odorato.
402 3106 697 3166 Laudatissima
716 3109 817 3169 foliis
842 3109 993 3169 constat
1012 3110 1225 3170 minutissi¬

184 3150 270 3210 mis,
290 3158 622 3218 pinguissimisque:
642 3163 775 3223 semen
802 3163 835 3223 in
855 3164 1001 3224 siliquis
1028 3164 1214 3224 teretibus

194 3206 335 3266 profert
349 3211 510 3271 ratum,
523 3215 765 3275 rotundum;
778 3217 913 3277 sinapi
926 3218 1067 3278 minus,
1082 3220 1209 3280 colore

190 3258 307 3318 luteo.
327 3261 372 3321 Ex
392 3263 444 3323 his
463 3268 724 3328 manifestum
750 3271 815 3331 est,
828 3272 913 3332 eam
933 3272 1017 3332 quae
1037 3272 1154 3332 hodie
1174 3271 1212 3331 in

189 3309 253 3369 usu
278 3313 341 3373 est,
347 3316 424 3376 non
442 3319 512 3379 esse
531 3323 664 3383 veram
683 3326 925 3386 melilotum.
937 3326 1020 3386 non
1038 3326 1140 3386 enim
1159 3325 1209 3385 est

196 3371 363 3431 odorata:
387 3377 448 3437 nisi
470 3379 509 3439 ex
532 3380 608 3440 ejus
631 3382 768 3442 genere
783 3383 845 3443 sit;
860 3383 951 3443 quae
967 3383 997 3443 in
1020 3383 1203 3443 Campania

1243 47 2346 134 [A] nascitur, odore infirmo, ut ait Dioscorides. Dili¬
1243 129 2353 191 gentia itaque adhibenda est, ut vera habeatur. Hanc
1297 183 1495 243 nonnulli
1513 185 1711 245 trifolium
1735 187 1832 247 illud
1862 188 1934 248 esse
1963 190 2216 250 arbitrantur,
2234 190 2348 250 quod

1243 235 2342 317 locis montosis, sterili solo, ad meridiem spectante
1300 292 1470 352 nascitur
1500 293 1598 353 foliis
1622 294 1732 354 ciceri
1750 296 1951 356 similibus,
1964 298 2201 358 minoribus,
2213 298 2347 358 macu¬

1288 344 1333 404 lis
1365 347 1610 407 quibusdam
1635 349 1841 409 stellarum
1861 350 1996 410 modo
2028 352 2234 412 distinctis:
2246 353 2350 413 flore

1292 400 1408 460 luteo
1428 403 1693 463 fulvescente:
1712 404 1848 464 semen
1874 404 1958 464 exili
1984 404 2139 464 siliqua,
2152 404 2191 464 in
2210 406 2346 466 cuspi¬

1286 453 1390 513 dem
1408 457 1628 517 desinente,
1640 458 1793 518 flavum
1812 458 2057 518 continetur.
2081 458 2179 518 Tota
2203 460 2332 520 planta

1298 508 1524 568 gravissimo
1549 512 1600 572 est
1612 512 1769 572 odore,
1788 513 1971 573 theriacae
1990 512 2203 572 proximo,
2222 512 2341 572 quam

1297 562 1498 622 Hetruriae
1518 565 1668 625 incolae
1687 566 1810 626 herba
1830 568 1973 628 bachia
1999 566 2220 626 appellant,
2233 565 2343 625 quòd

1235 622 1267 682 B
1306 621 1345 681 ea
1364 619 1578 679 infantium
1597 619 1746 679 vermes
1765 620 1953 680 enecant.
1972 622 2186 682 Colligitur
2205 619 2334 679 mense

1298 672 1449 732 Aprili.
1486 674 1752 734 Conservatur
1771 674 1837 734 per
1849 673 2019 733 annum.
2031 673 2055 733 *
2074 673 2201 733 Mistae
2220 673 2262 733 est
2280 673 2341 733 fa¬

1298 724 1475 784 cultatis:
1496 727 1612 787 habet
1633 728 1742 788 enim
1769 728 1967 788 quiddam
1981 728 2214 788 astringens,
2221 727 2282 787 sed
2302 727 2343 787 &

1290 778 1436 838 digerit
1464 779 1499 839 &
1527 782 1778 842 concoquit:
1806 782 2014 842 copiosior
2043 782 2154 842 enim
2168 781 2210 841 in
2231 781 2272 841 eo
2300 781 2349 841 est

1298 834 1513 894 substantia
1539 836 1676 896 calida,
1695 836 1819 896 quàm
1832 838 1994 898 frigida.
2014 836 2352 896 Inflammationem

1298 886 1468 946 omnem
1487 890 1657 950 emollit,
1669 892 1876 952 praesertim
1895 890 1986 950 quae
1999 890 2036 950 in
2054 890 2194 950 oculis,
2206 890 2335 950 vulva,

1301 940 1408 1000 sede,
1427 941 1484 1001 aut
1503 943 1660 1003 testibus
1679 946 1881 1006 erumpat,
1900 946 1925 1006 si
1944 946 1982 1006 ex
2007 946 2114 1006 passo
2140 944 2241 1004 cocta
2266 943 2341 1003 illi¬

1296 994 1440 1054 natur:
1462 998 1662 1058 interdum
1679 998 1813 1058 autem
1830 998 1963 1058 addito
1986 998 2046 1058 ovi
2063 998 2169 1058 luteo
2191 998 2336 1058 assato,

1303 1048 1367 1108 aut
1386 1050 1605 1110 foenigraeci
1624 1052 1760 1112 farina,
1766 1054 1830 1114 lini
1849 1054 2010 1114 semine,
2023 1054 2081 1114 aut
2100 1052 2261 1112 polline,
2274 1051 2332 1111 aut

1292 1102 1482 1162 capitulis
1514 1106 1735 1166 papaveris,
1749 1106 1957 1166 intybóve.
1977 1106 2167 1166 Recentes
2185 1105 2350 1165 melice¬

1290 1156 1401 1216 ridas
1424 1157 1483 1217 per
1500 1159 1530 1219 se
1553 1159 1641 1219 cum
1658 1160 1763 1220 aqua
1787 1160 1816 1220 &
1834 1160 1968 1220 sulcera
1991 1159 2197 1219 manantia
2220 1157 2255 1217 in
2273 1157 2342 1217 ca¬

1297 1209 1374 1269 pite
1398 1212 1488 1272 illita
1505 1214 1595 1274 cum
1613 1214 1707 1274 creta
1731 1214 1856 1274 Chia,
1874 1213 1999 1273 vino,
2017 1213 2077 1273 aut
2094 1212 2189 1272 galla
2214 1211 2332 1271 sanat:

1300 1266 1504 1326 stomachi
1522 1270 1702 1330 dolores,
1720 1270 1755 1330 &
1767 1268 1901 1328 cruda,
1918 1268 1954 1328 &
1965 1267 2076 1327 cocta
2099 1267 2187 1327 cum
2199 1267 2338 1327 aliquo

1295 1321 1347 1381 ex
1370 1322 1458 1382 antè
1481 1323 1586 1383 dictis
1604 1324 1726 1384 levat:
1738 1324 1954 1384 doloribus
1977 1321 2135 1381 aurium
2153 1319 2339 1379 mitigan¬

1299 1372 1358 1432 dis
1376 1375 1489 1435 cruda
1513 1376 1554 1436 ex
1572 1378 1679 1438 passo
1702 1378 1928 1438 instillatur:
1946 1376 1987 1436 in
2005 1375 2130 1435 aceto,
2147 1374 2207 1434 aut
2225 1373 2337 1433 rosa¬

1296 1428 1369 1488 ceo
1396 1431 1635 1491 madefacta,
1648 1433 1780 1493 capitis
1800 1432 1979 1492 dolorem
1999 1430 2104 1490 lenit.
2118 1429 2244 1489 Galen.
2251 1426 2337 1486 Dio¬

1296 1484 1368 1544 scir
1392 1483 1434 1543 &
1452 1484 1583 1544 Medici
1601 1486 1733 1546 Floren.

1349 1540 1730 1600 MALABATHRUM
1766 1541 2003 1601 arbitrantur
2025 1539 2148 1599 aliqui
2169 1538 2241 1598 esse
2263 1537 2334 1597 In¬

1305 1591 1380 1651 dici
1399 1592 1512 1652 nardi
1530 1594 1700 1654 folium,
1719 1594 1800 1654 falsi
1825 1594 1963 1654 quadam
1976 1594 2114 1654 odoris
2133 1591 2345 1651 cognatio¬

1291 1645 1357 1705 ne:
1373 1646 1566 1706 permulta
1589 1648 1693 1708 enim
1710 1648 1881 1708 nardum
1903 1649 2035 1709 olent,
2056 1646 2337 1706 quemadmo¬

1228 1699 1270 1759 D
1300 1700 1402 1760 dum
1420 1700 1516 1760 phu,
1522 1702 1690 1762 asarum,
1708 1702 1786 1762 iris.
1804 1702 1918 1762 Secus
1942 1702 2068 1762 autem
2086 1700 2146 1760 res
2164 1699 2194 1759 se
2212 1699 2344 1759 habet:

1297 1753 1446 1813 namque
1464 1756 1725 1816 Malabathrum
1744 1756 1886 1816 solium
1911 1754 1964 1814 sui
1976 1754 2125 1814 generis
2148 1753 2214 1813 est,
2220 1753 2333 1813 quod

1295 1807 1447 1867 Indicae
1460 1810 1632 1870 gignuni
1651 1810 1842 1870 paludes,
1861 1808 1976 1868 lentis
2008 1806 2186 1866 palustris
2205 1804 2338 1864 modo

1295 1862 1483 1922 innatans
1508 1865 1643 1925 aquis,
1661 1865 1740 1925 sine
1759 1864 1905 1924 radice.
1917 1862 1954 1922 Id
1978 1861 2192 1921 tollectum
2210 1861 2339 1921 statim

1291 1915 1376 1975 lino
1393 1919 1622 1979 transuitur,
1633 1919 1668 1979 &
1679 1918 1867 1978 siccatum
1884 1916 2136 1976 reconditur.
2147 1914 2330 1974 Tradunt

1297 1969 1444 2029 siccatis
1467 1972 1595 2032 aestivo
1619 1973 1772 2033 fervore
1795 1972 1923 2032 aquis,
1936 1970 2105 2030 humum
2117 1969 2234 2029 aridis
2257 1967 2339 2027 fru¬

1283 2024 1433 2084 ticibus
1446 2026 1524 2086 uri:
1542 2027 1662 2087 quod
1680 2026 1747 2086 ubi
1765 2026 1856 2086 non
1874 2024 2072 2084 evenerit,
2090 2024 2138 2084 ne
2162 2023 2337 2083 ampliùs

1290 2077 1468 2137 quidem
1485 2081 1630 2141 renasci
1653 2080 1854 2140 Laudatur
1871 2078 2022 2138 recens,
2033 2078 2072 2138 ex
2089 2077 2262 2137 candido
2285 2077 2340 2137 ni¬

1291 2134 1456 2194 gricans,
1468 2135 1639 2195 integrum,
1651 2134 1718 2194 nec
1737 2134 1883 2194 fragile,
1896 2132 2024 2192 odore
2042 2132 2158 2192 caput
2177 2132 2337 2192 feriens,

1300 2184 1414 2244 quòd
1437 2188 1494 2248 diu
1516 2188 1666 2248 insuavi
1683 2188 1808 2248 odore
1831 2186 2077 2246 permaneat,
2088 2185 2123 2245 &
2140 2185 2272 2245 nardum
2289 2186 2340 2246 sa¬

1228 2237 1258 2297 E
1293 2239 1395 2299 pore
1407 2243 1597 2303 imitetur,
1608 2243 1710 2303 nullo
1733 2242 1811 2302 salis
1835 2240 1960 2300 gustu.
1983 2239 2197 2299 Infirmum
2222 2240 2334 2300 verò,

1296 2293 1330 2353 &
1347 2296 1530 2356 minutim
1553 2297 1776 2357 contusum,
1799 2294 2004 2354 praesertim
2021 2293 2045 2353 si
2067 2291 2261 2351 cariosum
2279 2292 2335 2352 vi¬

1288 2348 1349 2408 rus
1367 2350 1463 2410 olet,
1474 2350 1660 2410 vitiosum
1682 2349 1756 2409 est.
1767 2347 1986 2407 *Easdem
2004 2347 2094 2407 cum
2111 2347 2240 2407 nardo
2257 2348 2342 2408 sor¬

1284 2401 1377 2461 titur
1396 2403 1509 2463 vires:
1521 2404 1577 2464 sed
1597 2404 1797 2464 efficaciùs
1822 2402 1953 2462 omnia
1978 2401 2129 2461 pręstat.
2141 2401 2267 2461 Utinam
2279 2401 2341 2461 ve¬

1284 2456 1521 2516 hementiùs
1539 2459 1628 2519 ciet,
1640 2459 1676 2519 ac
1700 2458 1907 2518 stomacho
1925 2456 2049 2516 magis
2073 2455 2228 2515 prodest
2251 2456 2334 2516 ma¬

1293 2510 1464 2570 labathri
1483 2513 1552 2573 vis.
1571 2512 1920 2572 Lippitudinibus,
1933 2509 2338 2569 inflammationibusque

1288 2564 1453 2624 tritum,
1471 2566 1506 2626 &
1524 2566 1559 2626 in
1576 2567 1671 2627 vino
1689 2565 1953 2625 fervefactum
1977 2562 2207 2622 commodè
2225 2560 2342 2620 illini¬

1293 2617 1371 2677 tur.
1393 2620 1572 2680 Subditum
1584 2621 1751 2681 linguae,
1768 2620 1841 2680 oris
1863 2618 2031 2678 halitum
2053 2616 2088 2676 &
2099 2615 2328 2675 suavitatem

1283 2673 1572 2733 commendat.
1584 2674 1760 2734 Vestium
1782 2672 1919 2732 quoque
1936 2671 2106 2731 odorem
2123 2669 2345 2729 interposi¬

1287 2725 1380 2785 tum
1398 2728 1532 2788 servat,
1544 2729 1579 2789 &
1591 2729 1638 2789 ab
1661 2727 1843 2787 erosione
1866 2725 2006 2785 tuetur.
2018 2723 2170 2783 Dioscor.

1337 2782 1410 2842 An
1428 2782 1553 2842 Folium
1576 2782 1610 2842 &
1627 2780 1896 2840 Malabathrum
1924 2779 1970 2839 sit
1987 2779 2061 2839 unà
2090 2779 2181 2839 atque
2192 2779 2335 2839 eadem

1290 2837 1356 2897 res,
1375 2837 1546 2897 pluribus
1570 2836 1698 2896 posset
1717 2833 1919 2893 disputari:
1937 2832 2035 2892 Nam
2053 2831 2077 2891 si
2096 2831 2334 2891 descriptio¬

1293 2890 1386 2950 nem
1405 2890 1655 2950 Dioscoridis
1679 2887 1954 2947 inspiciamus,
1967 2885 2110 2945 nullam
2129 2885 2198 2945 esse
2223 2886 2335 2946 diffe¬

1290 2945 1459 3005 rentiam
1476 2945 1572 3005 inter
1602 2944 1680 3004 haec
1699 2944 1777 3004 duo
1801 2942 1993 3002 apparet:
2011 2941 2071 3001 Ait
2089 2941 2197 3001 enim
2209 2941 2335 3001 Mala¬

1295 2999 1487 3059 batsirum
1509 2998 1580 3058 esse
1602 2996 1794 3056 frondem
1827 2994 2029 3054 quandam
2052 2993 2134 3053 quae
2151 2995 2336 3055 innatans

1300 3052 1414 3112 aquae
1431 3053 1471 3113 in
1489 3052 1666 3112 paludib.
1678 3051 1798 3111 Indiae
1821 3050 1896 3110 sine
1913 3049 2056 3109 radice,
2073 3049 2342 3109 quemadmo.

1289 3107 1388 3167 dum
1411 3106 1510 3166 Lens
1533 3105 1708 3165 palussris
1732 3104 1849 3164 vivat.
1860 3103 1977 3163 Unde
2001 3103 2088 3163 cùm
2106 3103 2187 3163 tota
2210 3103 2344 3163 planta

1298 3160 1399 3220 nihil
1417 3160 1518 3220 aliud
1536 3160 1596 3220 sit,
1608 3159 1727 3219 quàm
1744 3157 1894 3217 frondes,
1905 3156 2054 3216 videtur
2078 3155 2245 3215 potuisse
2263 3156 2334 3216 ab¬

1301 3214 1423 3274 solutè
1447 3215 1643 3275 appellare
1668 3213 1778 3273 folium,
1790 3212 1827 3272 &
1845 3211 1912 3271 hac
1931 3209 2084 3269 ratione
2108 3209 2249 3269 Medici
2268 3211 2341 3271 nunc

1293 3268 1391 3328 hoc,
1403 3269 1501 3329 nunc
1525 3268 1623 3328 illud
1648 3267 1801 3327 nomen
1814 3264 2070 3324 usurparunt,
2083 3262 2169 3322 idque
2181 3262 2229 3322 eò
2254 3262 2340 3322 ma¬

1284 3320 1361 3380 gis,
1373 3322 1492 3382 quod
1510 3323 1599 3383 neque
1623 3322 1902 3382 Dloscorides,
1913 3319 2008 3379 neque
2026 3317 2204 3377 Galenus
2222 3316 2346 3376 pecu¬

1282 3379 1431 3439 liarem
1451 3380 1494 3440 de
1519 3380 1626 3440 Folio
1644 3379 1894 3439 mentionem
1913 3374 2088 3434 fecerint,
2101 3373 2213 3433 quod
2232 3371 2338 3431 patet

2096 3424 2128 3484 d
2182 3429 2214 3489 5
