2479 3508
421 124 494 184 15

862 110 1249 170 Antidotarii
1284 108 1562 168 specialis
1611 110 1768 170 Lib.
1793 113 1864 173 I.

2213 111 2350 171 116

329 158 1356 234 ex descriptione Theriacae: nam in ea quam ex¬
338 233 458 293 ponit
482 233 609 293 Galen.
621 233 652 293 in
676 232 724 292 17.
737 232 815 292 cap.
827 232 882 292 lib.
894 231 918 291 I.
930 230 966 290 de
990 229 1160 289 Antidot.
1172 226 1335 286 versibus

341 284 598 344 hexametris,
615 281 790 341 accipitur
812 281 976 341 Folium,
992 280 1031 340 in
1047 280 1118 340 aliis
1135 278 1331 338 nonnullis

350 335 443 395 folia
459 332 694 392 Malabathri,
705 331 738 391 &
749 331 787 391 in
804 331 842 391 ea
864 331 946 391 quae
957 329 1165 389 secundum
1187 328 1334 388 Andro¬

345 385 471 445 machi
483 383 644 443 junioris
662 382 886 442 sententiam
909 380 1139 440 describitur,
1156 379 1323 439 absolutè

342 436 633 496 Malabathrum
655 433 898 493 nominatur.
925 431 973 491 At
1000 431 1081 491 cùm
1102 430 1135 490 in
1151 430 1334 490 Dioscor.

337 487 409 547 lib.
421 487 451 547 2.
463 487 541 547 cap.
553 487 589 547 de
607 485 745 545 viperis
762 484 960 544 reperiam,
978 481 1021 541 ad
1039 479 1320 539 conciliandum

343 536 519 596 odorem
543 535 677 595 viperis
701 534 812 594 adjici
836 532 976 592 aliquid
994 532 1088 592 Folii
1106 532 1152 592 vel
1170 530 1334 590 Malaba¬

354 586 438 646 thri,
449 586 573 646 dubium
590 586 641 646 me
657 584 826 644 reddidit
849 583 894 643 an
911 583 979 643 sint
1001 583 1052 643 res
1074 581 1232 641 diversae:
1249 581 1333 641 cùm

358 637 550 697 praesertim
567 635 655 695 Gal.
666 635 724 695 lib.
736 635 765 695 7.
777 635 806 695 &
817 635 858 695 8.
870 634 910 694 de
928 634 1056 694 simpl.
1068 632 1329 692 Medicamen¬

347 697 1343 743 tis, in duobus locis Folia Malabathri. Sae¬
351 737 437 797 piùs
454 736 579 796 quoque
589 736 758 796 videmus
774 736 807 796 in
823 736 1046 796 compositis
1068 734 1328 794 Medicamen¬

345 787 394 847 tis
410 785 601 845 veterum,
612 785 749 845 assumi
765 785 924 845 frondes
946 785 1186 845 Malabathri.
1208 785 1328 845 Unde

350 836 432 896 satis
453 835 595 895 certum
611 835 677 895 esse
693 836 857 896 videtur,
873 836 961 896 alias
977 836 1081 896 etiam
1102 835 1217 895 partes
1239 834 1331 894 prae¬

349 886 402 946 ter
419 886 574 946 frondes
590 886 735 946 habere,
751 887 981 947 quemadmo
997 887 1050 947 dum
1061 886 1157 946 patet
1178 886 1211 946 ex
1232 885 1328 945 mul¬

349 938 393 998 tis
415 937 759 997 compositionibus
776 938 978 998 Theriacae,
989 938 1027 998 &
1044 938 1274 998 peculiariter
1290 935 1328 995 ex

341 989 426 1049 illa,
443 988 527 1048 quae
551 988 595 1048 est
618 989 884 1049 Andromachi
907 989 1071 1049 senioris,
1082 988 1166 1048 item
1183 986 1330 1046 Damo¬

356 1040 473 1100 cratis,
484 1039 524 1099 &
535 1039 647 1099 Aëtii,
658 1039 691 1099 in
714 1039 871 1099 quarum
887 1039 1084 1099 unaquaque
1100 1038 1330 1098 accipiuntur

353 1088 509 1148 frondes
525 1089 758 1149 Malabathri.
769 1089 834 1149 Sed
855 1088 909 1148 hîc
925 1088 980 1148 non
996 1088 1034 1148 est
1050 1088 1153 1148 locus
1175 1088 1207 1148 ut
1223 1088 1348 1148 hanc,
1391 1088 1537 1148 quibus
1559 1088 1688 1148 omnes
1710 1088 1915 1148 necessariae
1937 1088 2176 1148 conditiones
2192 1088 2224 1148 in
2240 1088 2360 1148 substi¬

352 1138 636 1198 dubitationem
658 1139 864 1199 solvamus,
881 1139 970 1199 nam
987 1139 1171 1199 quicquid
1188 1138 1238 1198 sit,
1255 1139 1343 1199 hac,

348 1190 494 1250 ratione
521 1192 587 1252 nec
609 1192 750 1252 Folium
772 1190 864 1250 neque
880 1189 1164 1249 Malabathrum
1180 1189 1326 1249 investi¬

343 1243 540 1303 gabimus:
563 1240 709 1300 quoniam
726 1240 789 1300 nec
805 1240 924 1300 unum
941 1241 1003 1301 nec
1025 1241 1127 1301 plura
1144 1240 1324 1300 simplicia

337 1291 550 1351 afferuntur
569 1292 613 1352 ad
632 1292 725 1352 nos,
738 1291 826 1351 quae
839 1291 1002 1351 indicare
1027 1291 1133 1351 nobis
1152 1291 1247 1351 verum
1259 1289 1321 1349 Fo¬

336 1342 431 1402 lium
448 1342 510 1402 aut
527 1342 768 1402 Malabathru
785 1342 954 1402 possent.
976 1342 1032 1402 Ac
1049 1342 1189 1402 tametsi
1206 1340 1318 1400 video

349 1394 417 1454 esse
446 1394 629 1454 quosdam
652 1393 951 1453 excellentissimos
973 1391 1071 1451 viros
1088 1391 1214 1451 nostro
1231 1391 1328 1451 tem¬

346 1444 451 1504 pore,
463 1444 492 1504 in
515 1444 551 1504 ea
574 1444 773 1504 opinione,
784 1444 890 1504 quòd
907 1444 978 1504 istae
989 1444 1165 1504 frondes,
1177 1442 1253 1502 quae
1270 1441 1328 1501 af¬

350 1493 515 1553 feruntur
533 1493 641 1553 instar
658 1493 897 1553 plantaginis,
908 1493 971 1553 sed
988 1493 1068 1553 cum
1085 1493 1171 1553 trib.
1182 1492 1324 1552 solum.

347 1543 468 1603 modò
496 1544 639 1604 nervis,
655 1544 787 1604 sapore
814 1544 842 1604 &
858 1544 979 1604 odore
996 1544 1232 1604 aromatico,
1248 1544 1319 1604 sint

343 1594 441 1654 verae
463 1594 687 1654 Malabathri
703 1595 878 1655 frondes,
889 1595 1047 1655 adducti
1064 1595 1135 1655 non
1151 1595 1260 1655 levib.
1271 1594 1320 1654 ra¬

343 1645 529 1705 tionibus.
540 1645 620 1705 quae
635 1646 880 1706 confirmantur
902 1646 1093 1706 autoritate
1115 1646 1210 1706 istius
1227 1645 1317 1705 Gar¬

335 1694 423 1754 ziae,
439 1696 495 1756 qui
517 1697 634 1757 nuper
650 1697 750 1757 librum
767 1697 811 1757 de
828 1697 1072 1757 Aromatibus
1088 1696 1205 1756 Indiae
1221 1697 1326 1757 com¬

346 1745 486 1805 posuit,
497 1747 555 1807 qui
573 1748 601 1808 &
620 1748 689 1808 ipse
706 1748 777 1808 hoc
794 1747 980 1807 asseverat,
991 1747 1026 1807 &
1038 1745 1190 1805 seipsum
1207 1744 1317 1804 vidis¬

343 1795 376 1855 se
393 1797 554 1857 recentes
571 1798 682 1858 ipsius
699 1798 844 1858 plantas
866 1796 967 1856 dicit:
983 1795 1229 1855 nihilominus
1246 1795 1312 1855 ego

351 1846 431 1906 huic
448 1847 625 1907 opinioni
643 1847 804 1907 assentiri
821 1847 987 1907 nequeo,
998 1846 1050 1906 nam
1061 1846 1182 1906 gustus
1199 1847 1319 1907 neces¬

343 1897 377 1957 se
394 1897 434 1957 est
458 1897 492 1957 ut
504 1897 544 1957 sit
561 1897 665 1957 verus
688 1897 791 1957 hujus
808 1897 861 1957 rei
878 1897 1016 1957 judex.
1039 1897 1182 1957 Cumque
1200 1897 1326 1957 Diosc.

344 1945 450 2005 velit,
461 1946 746 2006 Malabathrum
769 1948 836 2008 esse
858 1948 981 2008 odore
1009 1949 1048 2009 &
1059 1949 1188 2009 sapore
1210 1948 1316 2008 simili

336 1997 456 2057 Nardi
473 1997 600 2057 Spicae,
612 1998 646 2058 &
663 1999 796 2059 Galen.
813 1999 939 2059 quoque
957 1999 1055 2059 dicat
1072 1998 1250 2058 similimam
1262 1996 1313 2056 fa¬

342 2047 522 2107 cultatem
539 2048 584 2108 cum
601 2048 730 2108 Nardo
753 2048 900 2108 habere.
911 2050 939 2110 7.
956 2050 984 2110 &
995 2050 1030 2110 8.
1041 2050 1097 2110 lib.
1109 2051 1148 2111 de
1165 2051 1323 2111 simplic.

335 2098 654 2158 Medicamentis,
665 2099 741 2159 imò
764 2099 856 2159 tanta
878 2099 923 2159 sit
934 2101 1010 2161 ejus
1026 2101 1109 2161 cum
1125 2101 1252 2161 Nardo
1274 2101 1317 2161 si¬

334 2149 529 2209 militudo,
541 2149 575 2209 ut
592 2150 765 2210 nonnulli
777 2150 898 2210 (sicuti
915 2152 1036 2212 Diosc.
1048 2152 1140 2212 vult)
1151 2152 1243 2212 hanc
1261 2150 1319 2210 so¬

341 2198 420 2258 lam
437 2198 481 2258 ob
503 2200 649 2260 causam
672 2200 964 2260 existimaverint
992 2201 1065 2261 haec
1082 2201 1166 2261 folia
1188 2201 1255 2261 esse
1278 2201 1311 2261 ex

340 2249 462 2309 planta
484 2249 595 2309 Nardi
613 2249 746 2309 Indici.
758 2251 830 2311 Sed
846 2251 869 2311 si
885 2251 975 2311 verum
991 2252 1097 2312 fateri
1114 2252 1309 2312 volumus,

340 2299 426 2359 cùm
442 2300 522 2360 non
538 2302 741 2362 reperiatur
762 2302 799 2362 in
821 2302 917 2362 hisce
939 2302 1046 2362 Foliis
1067 2302 1264 2362 trinerviis,
1280 2302 1318 2362 ut

334 2350 382 2410 ita
401 2350 509 2410 dicam,
521 2351 606 2411 quae
624 2351 733 2411 vulgò
757 2351 818 2411 sub
842 2351 999 2411 nomine
1017 2351 1102 2411 Folii
1120 2351 1234 2411 Inditi
1252 2353 1319 2413 cir¬

339 2402 584 2462 cumferuntur,
595 2404 684 2464 neque
696 2404 818 2464 sapor,
835 2404 896 2464 nec
918 2404 1013 2464 odor
1035 2402 1158 2462 Nardi,
1169 2402 1247 2462 non
1258 2401 1314 2461 vi¬

330 2452 404 2512 deo
427 2453 502 2513 quo
524 2453 634 2513 pacto
656 2453 742 2513 mihi
765 2453 978 2513 persuadere
995 2452 1150 2512 possint,
1161 2452 1218 2512 has
1235 2453 1317 2513 fron¬

339 2503 405 2563 des
423 2504 489 2564 esse
507 2504 585 2564 veri
603 2504 837 2564 Malabathri
855 2503 1053 2563 dicendas.
1083 2503 1203 2563 Quod
1221 2504 1311 2564 verò

333 2555 490 2615 Garzias
507 2555 569 2615 suam
580 2555 800 2615 interponat
817 2555 947 2615 fidem,
963 2555 1054 2615 volo
1076 2555 1194 2615 quidem
1205 2556 1318 2616 ipsius

336 2604 440 2664 causa
461 2606 528 2666 hoc
549 2606 622 2666 non
643 2606 789 2666 negare,
799 2605 856 2665 sed
872 2605 996 2665 tamen
1017 2605 1080 2665 hac
1100 2605 1257 2665 ratione,
1277 2608 1313 2668 ut

334 2656 377 2716 de
393 2656 473 2716 mea
489 2656 634 2716 sententia
655 2656 730 2716 non
746 2656 938 2716 recedam.
959 2656 1055 2716 Nam
1071 2656 1157 2716 cùm
1178 2656 1312 2716 depin¬

330 2702 395 2762 gat
412 2704 465 2764 ille
483 2705 641 2765 frondes
658 2707 788 2767 Cassiae
805 2707 935 2767 eadem
952 2707 1075 2767 forma
1099 2707 1258 2767 prorsus,
1269 2705 1316 2765 cum

325 2755 399 2815 allis
417 2755 641 2815 Malabathri
658 2756 877 2816 frondibus,
888 2758 1009 2818 dicam
1027 2756 1228 2816 propterea
1251 2755 1308 2815 eas

326 2806 408 2866 quae
427 2806 497 2866 huc
515 2807 722 2867 afferuntur
745 2807 810 2867 esse
828 2807 976 2867 Cassiae,
987 2807 1088 2867 quod
1105 2807 1312 2867 confirmat

336 2857 443 2917 sapor
461 2858 580 2918 illarum,
586 2858 693 2918 planè
711 2860 830 2920 similis
848 2859 984 2919 saporis
1002 2858 1222 2918 Cinamomi
1234 2857 1305 2917 vul¬

335 2908 451 2968 garis,
462 2909 769 2969 quemadmodum
780 2909 880 2969 anteà
897 2909 925 2969 in
947 2909 1170 2969 Cinamomi
1187 2908 1304 2968 expo¬

323 3008 411 3068 quae
428 3010 565 3070 debent
592 3010 725 3070 saporem
741 3011 774 3071 &
785 3011 950 3071 odorem
972 3011 1087 3071 Nardi
1098 3011 1247 3071 referre,
1258 3011 1307 3071 re¬

324 3059 509 3119 maneant
531 3059 654 3119 adhuc
671 3059 699 3119 in
716 3059 828 3119 finib.
839 3061 968 3121 natalis
985 3062 1058 3122 soli,
1069 3062 1102 3122 &
1124 3061 1304 3121 commu¬

317 3112 412 3172 niter
429 3112 475 3172 ad
491 3110 565 3170 nos
582 3110 660 3170 non
677 3112 897 3172 afferantur.
909 3113 1043 3173 Garziam
1055 3113 1157 3173 verò,
1168 3113 1229 3173 qui
1247 3113 1303 3173 eas

332 3163 368 3223 in
386 3163 561 3223 Hispania
579 3163 634 3223 vel
646 3163 743 3223 Italia
761 3164 870 3224 videns,
882 3164 1009 3224 posteà
1028 3164 1058 3224 in
1076 3164 1173 3224 India
1191 3163 1300 3223 fron¬

320 3211 385 3271 des
404 3212 629 3272 Malabathri
648 3214 772 3274 quoque
790 3215 1023 3275 conspexerit,
1034 3214 1231 3274 deceptum
1249 3211 1314 3271 ista

328 3263 584 3323 similitudine,
603 3266 853 3326 existimasse,
865 3268 928 3328 eas
947 3268 1028 3328 quae
1041 3267 1072 3327 in
1090 3265 1228 3325 Italiam
1247 3263 1316 3323 ap¬

1356 165 2345 237 [A] portantur, provenire ex ista planta. De qua ta¬
1399 226 1487 286 men
1506 226 1537 286 re
1556 226 1732 286 cogitabo
1757 226 1984 286 diligentiùs,
2002 226 2027 286 si
2040 226 2140 286 librum
2153 226 2253 286 ipsum
2272 229 2360 289 Gar¬

1399 277 1482 337 ziae,
1499 278 1610 338 quem
1633 278 1812 338 nondum
1829 277 1951 337 videre
1968 277 2091 337 licuit,
2107 278 2231 338 nactus
2247 280 2359 340 fuero.

1399 328 1661 388 Ferdinandus
1678 328 1883 388 Imperatus
1906 328 1997 388 mihi
2014 328 2196 388 monstravit
2213 328 2276 388 duo
2293 329 2356 389 ge¬

1395 377 1480 437 nera
1498 377 1649 437 istarum
1668 379 1880 439 frondium,
1892 379 1977 439 quae
1989 379 2104 439 vulgò
2122 379 2255 439 Folium
2273 379 2371 439 Indi¬

1402 427 1485 487 cum
1501 428 1750 488 nominantur:
1766 428 1933 488 quorum
1954 428 2079 488 unum,
2089 428 2125 488 ut
2141 428 2303 488 diximus,
2308 428 2359 488 sa¬

1403 478 1534 538 porem
1556 479 1715 539 habebat
1738 479 1955 539 Cinamomi
1972 479 2143 539 vulgaris:
2154 479 2291 539 alterum
2308 479 2358 539 di¬

1402 529 1543 589 versum
1567 530 1678 590 planè
1702 530 1743 590 ab
1766 530 1825 590 illo
1842 532 1989 592 priore,
2013 532 2195 592 quanquam
2207 532 2236 592 &
2254 530 2359 590 ipsum

1387 580 1625 640 aromaticum:
1647 581 1814 641 formam
1836 581 1922 641 autem
1933 580 2123 640 habebant
2144 581 2360 641 similimam.

1402 631 1474 691 Nec
1492 632 1624 692 tamen
1642 632 1708 692 dici
1726 632 1858 692 potest,
1870 632 2020 692 alterum
2038 631 2158 691 genus
2176 631 2236 691 esse
2254 631 2368 691 Mala¬

1343 694 2358 746 [B] bathrum, cùm sapor Nardi non adsit, quare pu¬
1391 730 1432 790 to
1450 731 1580 791 potiùs
1598 733 1663 793 esse
1687 734 1852 794 speciem
1876 734 2107 794 Cinamomi
2124 734 2243 794 minùs
2267 734 2367 794 boni.

1401 781 1498 841 Cùm
1515 782 1612 842 itaque
1629 784 1824 844 careamus
1841 784 1875 844 &
1887 785 1990 845 Folio
2012 785 2047 845 &
2058 784 2287 844 Malabathro
2315 784 2355 844 (si

1401 832 1500 892 fortè
1517 832 1652 892 sintres
1669 833 1826 893 diversę)
1838 835 1978 895 necesse
2002 836 2042 896 est
2060 836 2130 896 nos
2148 835 2188 895 ad
2206 835 2363 895 succeda.

1397 883 1519 943 neum
1536 883 1758 943 confugere:
1775 884 1808 944 &
1819 886 2009 946 ponentes
2025 887 2148 947 modò
2165 886 2226 946 esse
2242 885 2287 945 res
2304 883 2359 943 di¬

1400 934 1531 994 versas,
1541 935 1617 995 cum
1639 935 1785 995 Galeno
1802 937 1981 997 dicamus.
1992 937 2085 997 rectè
2106 935 2187 995 illius
2203 934 2285 994 loco
2301 932 2355 992 ac¬

1396 985 1464 1045 cipi
1482 986 1648 1046 Nardum
1666 986 1711 1046 ob
1734 986 1936 1046 maximam
1953 986 2246 1046 similitudinem,
2257 988 2297 1048 qu

1391 1036 1536 1096 habent
1552 1037 1586 1097 in
1603 1037 1742 1097 sapore,
1753 1037 1892 1097 odore,
1903 1037 1937 1097 &
1954 1037 2160 1097 facultatib.
2171 1036 2311 1096 caeteris,
2322 1036 2349 1096 ex

1395 1136 1545 1196 tuendis
1567 1138 1707 1198 Medic.
1718 1139 1946 1199 hauriuntur.
1957 1139 2057 1199 Liber
2074 1139 2113 1199 de
2135 1138 2207 1198 succ

1334 1188 1373 1248 C
1400 1187 1545 1247 Galeno
1571 1189 1776 1249 adscriptus
1802 1192 1894 1252 rectè
1915 1192 2020 1252 putat
2046 1192 2105 1252 pro
2132 1189 2204 1249 Mal

1386 1237 1565 1297 Nardum
1582 1240 1714 1300 accipi:
1726 1241 1911 1301 quanquam
1923 1241 2050 1301 postea
2072 1240 2199 1300 quaeda

1393 1288 1447 1348 tit.
1458 1289 1550 1349 Nam
1566 1289 1654 1349 cùm
1670 1291 1768 1351 dicat
1784 1291 1958 1351 Dioscor.
1974 1291 2252 1351 Malabathrum
2279 1289 2356 1349 qui¬

1393 1339 1479 1399 dem
1500 1340 1639 1400 habere
1660 1342 1879 1402 facultatem
1906 1342 2045 1402 Nardi,
2061 1342 2227 1402 attamen

1388 1390 1536 1450 omnibu.
1547 1391 1712 1451 validius,
1723 1392 1761 1452 ac
1778 1393 1948 1453 inprimis
1964 1393 2009 1453 ad
2025 1391 2200 1451 ventricul

1389 1442 1572 1502 randum,
1588 1442 1625 1502 &
1642 1442 1900 1502 provocandum
1910 1444 2077 1504 urinam:
2098 1444 2190 1504 (quo

1392 1489 1506 1549 dubio
1535 1492 1571 1552 ex
1594 1492 1714 1552 ipsius
1738 1493 1922 1553 caliditate
1947 1493 2090 1553 majore
2108 1493 2250 1553 oritur)
2269 1493 2358 1553 ideò

1384 1543 1519 1603 melius
1535 1543 1827 1603 succedaneum:
1838 1544 1951 1604 quàm
1967 1544 2135 1604 Nardum
2152 1543 2282 1603 celuicam

1379 1592 1465 1652 bere
1482 1594 1563 1654 non
1586 1595 1823 1655 poterimus:
1840 1594 1921 1654 cùm
1944 1594 2048 1654 idem
2065 1594 2197 1654 Diosc.

1391 1643 1477 1703 buat
1493 1643 1524 1703 in
1541 1645 1830 1705 corroborando
1851 1646 2076 1706 ventriculo,
2092 1646 2130 1706 &
2146 1646 2199 1706 pro

1385 1693 1492 1753 urina
1516 1694 1658 1754 easdem
1676 1695 1777 1755 vires,
1789 1696 1824 1756 &
1842 1697 1920 1757 Gal.
1932 1697 2050 1757 quoque
2062 1697 2187 1757 asserat
2211 1694 2270 1754 esse
2294 1691 2366 1751 non¬

1388 1744 1481 1804 nihil
1500 1745 1735 1805 calidiorem.
1748 1746 1853 1806 Unde
1879 1747 1997 1807 colligi
2015 1747 2133 1807 potest
2152 1747 2282 1807 celticam
2294 1744 2351 1804 ess.

1390 1793 1545 1853 calidam
1567 1795 1596 1855 &
1614 1795 1746 1855 siccam
1763 1796 1797 1856 in
1814 1796 1849 1856 2.
1866 1798 1998 1858 gradu,
2009 1798 2044 1858 in
2061 1798 2135 1858 quo
2152 1797 2262 1857 etiam
2279 1795 2366 1855 Ma¬

1381 1844 1598 1904 labathrum
1626 1846 1665 1906 ab
1693 1847 1843 1907 Avicen.
1860 1849 2088 1909 collocatur.
2116 1849 2294 1909 Praetereà
2311 1849 2349 1909 eò

1384 1897 1523 1957 rectiùs
1542 1897 1578 1957 in
1602 1897 1809 1957 Trochiscis
1834 1899 2071 1959 Hedychrois
2095 1900 2241 1960 Nardus
2265 1897 2369 1957 celti¬

1381 1948 1423 2008 ca
1441 1948 1647 2008 usurpatur,
1660 1948 1739 2008 quia
1757 1949 1908 2009 silndica
1927 1950 2164 2010 acciperetur,
2176 1950 2224 2010 bis
2243 1949 2279 2009 in
2291 1949 2358 2009 hac

1384 1997 1671 2057 compositione
1694 1999 1747 2059 illa
1776 2000 1899 2060 quoque
1911 2002 2133 2062 poncretur.
2157 2002 2204 2062 At
2216 2000 2251 2060 in
2268 1998 2369 2058 The¬

1382 2050 1500 2110 liaca,
1517 2050 1706 2110 quoniam
1724 2051 2012 2111 Malabathrum
2030 2051 2159 2111 quoque
2177 2053 2377 2113 reperitur,

1380 2101 1500 2161 accipi
1523 2101 1650 2161 posset
1673 2101 1847 2161 Nardus,
1865 2102 2050 2162 addendo
2074 2104 2206 2164 tamen
2224 2101 2367 2161 aliquid

1384 2151 1556 2211 ponderis,
1567 2150 1601 2210 ut
1617 2150 1829 2210 exaequetur
1852 2152 1958 2212 quod
1974 2152 2013 2212 in
2030 2153 2270 2213 Malabathro
2286 2152 2370 2212 ma¬

1324 2208 1356 2268 E
1381 2204 1438 2264 gis
1457 2201 1502 2261 est
1521 2200 1667 2260 efficax:
1680 2200 1718 2260 &
1737 2201 1813 2261 hoc
1832 2203 1915 2263 esset
1935 2206 2075 2266 fortasse
2093 2206 2195 2266 tertia
2214 2204 2366 2264 insuper

1385 2251 1459 2311 ejus
1476 2251 1574 2311 pars.
1579 2252 1620 2312 Et
1637 2252 1861 2312 quanquam
1878 2254 1929 2314 hic
1952 2255 2096 2315 Nardus
2113 2254 2256 2314 rursum
2273 2252 2370 2312 assu¬

1377 2302 1531 2362 matur,
1542 2303 1685 2363 necesse
1708 2305 1748 2365 est
1765 2305 1862 2365 tamen
1879 2306 1942 2366 nos
1960 2306 2079 2366 facere
2096 2306 2136 2366 ut
2148 2306 2370 2366 possumus:

1380 2353 1475 2413 nam
1499 2353 1600 2413 aliud
1623 2354 1713 2414 nihil
1736 2356 1837 2416 rectè
1861 2356 2022 2416 substitui
2039 2357 2158 2417 potest
2182 2356 2247 2416 nisi
2265 2356 2366 2416 Nar¬

1383 2402 1447 2462 dus
1471 2404 1653 2464 montana
1677 2405 1829 2465 fortasse
1847 2407 2083 2467 inveniretur,
2094 2407 2170 2467 quae
2188 2407 2276 2467 loco
2294 2405 2370 2465 cel¬

1376 2454 1478 2514 ticae,
1496 2455 1580 2515 cùm
1598 2455 1639 2515 sit
1651 2456 1814 2516 ejusdem
1831 2458 2023 2518 facultatis
2047 2458 2220 2518 secundum
2232 2458 2370 2518 Diosc.

1382 2503 1506 2563 accipi
1524 2506 1666 2566 posset:
1691 2507 1771 2567 quae
1790 2507 1808 2567 si
1828 2507 1914 2567 esset
1939 2509 2112 2569 nonnihil
2130 2507 2285 2567 debilior
2304 2506 2365 2566 (ut

1382 2552 1430 2612 ait
1447 2554 1549 2614 Gal.)
1561 2557 1812 2617 nihilominus
1835 2558 1925 2618 addi
1949 2560 2068 2620 posset
2092 2561 2223 2621 dupla,
2241 2561 2366 2621 tertia,

1381 2605 1438 2665 aut
1461 2605 1587 2665 quarta
1605 2608 1846 2668 insuperejus
1863 2610 1966 2670 pars,
1983 2611 2023 2671 ut
2040 2611 2104 2671 par
2121 2611 2207 2671 esset
2224 2609 2367 2669 eorum

1371 2653 1452 2713 vis,
1470 2655 1576 2715 licuti
1595 2657 1670 2717 fieri
1689 2659 1782 2719 solet
1801 2659 1838 2719 in
1863 2660 1982 2720 Cassia
2000 2660 2087 2720 loco
2113 2662 2374 2722 Cinamomi.

1384 2706 1461 2766 Nec
1485 2708 1645 2768 impedit
1670 2708 1735 2768 nos
1758 2709 1859 2769 quòd
1884 2710 2038 2770 frondes
2062 2711 2199 2771 unius,
2211 2713 2365 2773 alterius

1373 2756 1457 2816 verò
1483 2758 1619 2818 radices
1638 2759 1716 2819 sint,
1729 2759 1806 2819 nam
1826 2761 2013 2821 utrunque
2032 2763 2156 2823 potest
2175 2764 2259 2824 teri,
2273 2764 2305 2824 &
2324 2765 2369 2825 de

1378 2807 1498 2867 celtica
1516 2809 1642 2869 quoque
1654 2810 1684 2870 in
1702 2810 1762 2870 usu
1780 2812 1864 2872 sunt
1882 2812 2044 2872 cauliculi
2062 2812 2116 2872 (ut
2134 2813 2272 2873 Diosc.
2284 2815 2374 2875 scri¬

1376 2857 1444 2917 bit)
1456 2858 1524 2918 unà
1541 2860 1626 2920 cum
1649 2861 1746 2921 foliis
1763 2863 1927 2923 ejusdem
1945 2864 2104 2924 naturae.
2132 2864 2229 2924 Fieri
2246 2865 2371 2925 etiam

1378 2909 1518 2969 potest,
1541 2911 1576 2971 ut
1593 2911 1657 2971 pro
1681 2912 1919 2972 Malabathro
1954 2914 2193 2974 substituatur
2222 2917 2367 2977 eadem

1367 2962 1519 3022 ratione
1536 2962 1626 3022 Phu:
1637 2962 1721 3022 nam
1738 2962 1783 3022 ita
1806 2963 1913 3023 refert
1930 2965 2115 3025 Nardum,
2126 2965 2166 3025 ut
2183 2966 2379 3026 nonnulli

1376 3013 1579 3073 propterea
1602 3013 1771 3073 Nardum
1794 3014 2009 3074 Sylvestrem
2026 3017 2270 3077 rocaverint,
2282 3016 2374 3076 cali¬

1370 3062 1514 3122 dumque
1527 3062 1564 3122 &
1576 3062 1714 3122 siccum
1733 3062 1771 3122 sit
1790 3063 1821 3123 in
1840 3064 2003 3124 secundo
2028 3067 2159 3127 gradu,
2172 3068 2384 3128 quemad¬

1359 3112 1534 3172 modum
1563 3113 1598 3173 &
1617 3114 1926 3174 Malabathrum,
1938 3116 2043 3176 sicuti
2061 3116 2125 3176 nos
2149 3118 2376 3178 manifestis

1372 3163 1608 3223 argumentis
1630 3164 1904 3224 declaravimus
1925 3166 1957 3226 in
1979 3167 2118 3227 nostris
2140 3169 2392 3229 comment.

1369 3212 1407 3272 in
1424 3214 1591 3274 Dioscor.
1602 3214 1646 3274 ad
1669 3215 1758 3275 quas
1774 3218 1992 3278 remittimus
2003 3220 2187 3280 lectores.
2214 3221 2370 3281 Unum

1372 3265 1444 3325 hoc
1464 3268 1669 3328 addamus.
1682 3270 1762 3330 Gal.
1775 3271 1808 3331 8.
1821 3271 1861 3331 de
1881 3271 2039 3331 simplic.
2046 3271 2185 3331 Medic.
2198 3269 2377 3329 voluisse

2159 3323 2362 3383 faculta¬
