2479 3508
226 43 368 103 117

697 39 780 99 De
834 41 1028 101 Foliis
1057 43 1278 103 calidis
1305 41 1375 101 in
1402 41 1625 101 gradum
1639 43 1889 103 primo.

2183 49 2336 109 118

216 96 1276 168 facultates Phu colligi de iis quae dicta essent de
218 160 354 220 Nardo
373 160 522 220 Indica,
534 161 640 221 simili
664 161 770 221 planè
795 163 975 223 facultate
1000 165 1160 225 prędita,
1174 166 1241 226 nec

218 214 260 274 in
278 214 351 274 alio
370 214 595 274 differente,
608 214 675 274 nisi
693 215 803 275 quòd
821 215 900 275 Phu
925 217 961 277 sit
979 217 1156 277 validius.
1168 220 1248 280 Un¬

216 268 264 328 de
282 268 476 328 colligitur
494 268 597 328 Phu,
603 268 639 328 &
658 268 834 328 Nardum
852 269 1040 329 celticam,
1052 271 1119 331 esse
1137 271 1240 331 ejus¬

210 320 311 380 dem
329 319 484 379 gradus,
496 319 532 379 &
544 320 675 380 similis
699 323 854 383 naturae,
865 323 902 383 &
919 325 1057 385 pariter
1074 325 1140 385 pro
1158 325 1241 385 Ma¬

218 373 394 433 labathro
412 374 534 434 posse.
546 376 680 436 accipi.
693 376 961 436 Superioribus
986 377 1089 437 annis
1113 377 1241 437 Vene¬

205 428 239 488 ti
262 428 297 488 &
319 428 599 488 Bononienses
622 428 713 488 loco
736 430 981 490 Malabathri
998 431 1238 491 acceperunt

198 481 379 541 Macim,
403 482 502 542 illud
526 482 730 542 reticulum
754 484 871 544 quod
900 484 1070 544 involvit
1094 484 1239 544 nutem

212 533 457 593 Muscatam:
474 535 557 595 quae
574 535 703 595 tamen
719 535 937 595 substitutio
965 536 1048 596 non
1065 536 1110 596 ita
1132 538 1243 598 vide¬

207 588 272 648 tur
290 589 362 649 esse
379 589 671 649 approbanda,
689 589 773 649 quia
796 589 963 649 multùm
981 590 1053 650 haec
1077 590 1166 650 inter
1184 592 1243 652 se¬

214 641 249 701 se
267 641 474 701 differunt.
504 641 806 701 Malabathrum
830 643 936 703 enim
954 643 1096 703 multas
1119 644 1232 704 habet
1256 645 1285 705 B

217 695 339 755 partes
361 695 590 755 terrestres,
607 695 691 755 quae
707 696 730 756 si
752 697 880 757 leviter
902 698 1142 758 coquantur,
1153 698 1237 758 om¬

197 749 289 809 nem
306 748 485 808 odorem
503 748 723 808 amittunt:
746 749 873 809 Macis
890 749 983 809 verò
1012 751 1058 811 est
1086 750 1242 810 oleagi¬

212 800 353 860 nosum
377 801 415 861 &
427 802 605 862 pingue,
618 802 654 862 &
666 802 875 862 bulliendo
894 803 1035 863 parum
1060 803 1121 863 vel
1152 803 1250 863 nihil

215 856 255 916 de
272 854 335 914 illo
358 854 598 914 absumitur.
609 855 712 915 unde
729 856 907 916 videtur,
924 857 1032 917 quòd
1055 857 1089 917 in
1106 856 1237 916 substi¬

217 907 363 967 tutione
392 908 503 968 planè
527 908 609 968 non
627 908 697 968 sint
714 908 890 968 ejusdem
907 908 1077 968 generis.
1083 910 1241 970 Omitto

210 961 376 1021 aliorum
399 961 670 1021 opinionem,
693 961 762 1021 qui
785 961 987 1021 affirmant
1010 962 1148 1022 Macim
1165 964 1234 1024 esse

217 1013 387 1073 ralidum
412 1013 454 1073 &
473 1013 620 1073 siccum
644 1014 680 1074 in
705 1015 821 1075 tertio
845 1015 998 1075 ordine,
1010 1016 1101 1076 idque
1113 1016 1157 1076 ex
1175 1016 1236 1076 sua

216 1067 424 1127 acrimonia
452 1067 695 1127 conjiciunt:
712 1067 830 1127 quare
852 1069 931 1129 uno
953 1069 1072 1129 gradu
1094 1070 1247 1130 supera¬

213 1120 260 1180 bit
278 1121 621 1181 Malabathrum:
639 1121 734 1181 cùm
763 1121 923 1181 insuper
947 1121 1065 1181 Macis
1101 1123 1248 1183 habeat

215 1174 332 1234 nescio
357 1174 450 1234 quid
474 1174 654 1234 Nardini,
667 1174 704 1234 id
723 1174 784 1234 est,
797 1174 977 1234 saporem
1008 1175 1045 1235 &
1057 1177 1230 1237 odorem
1249 1179 1273 1239 c

212 1228 453 1288 jucundum,
470 1228 728 1288 commistum
755 1228 843 1288 cum
865 1228 997 1288 aliqua
1024 1228 1156 1288 tamen
1178 1229 1238 1289 in¬

223 1280 303 1340 grata
328 1282 540 1342 qualitate,
559 1282 596 1342 ut
609 1282 646 1342 in
665 1282 746 1342 Phu
764 1282 801 1342 &
821 1282 951 1342 Nardo
976 1282 1120 1342 celtica,
1132 1282 1237 1342 Indi¬

215 1336 261 1396 ca,
272 1336 301 1396 &
319 1336 520 1396 Montana
549 1336 669 1396 quoque
687 1336 1015 1396 deprehenditur:
1026 1336 1124 1396 unde
1147 1336 1239 1396 pro¬

208 1387 296 1447 ximè
317 1387 362 1447 ad
383 1387 624 1447 Malabathri
652 1388 827 1448 naturam
843 1390 1057 1450 accedunt.
1073 1388 1167 1448 Ideo
1188 1388 1232 1448 il¬

218 1439 269 1499 los
280 1441 410 1501 quoque
427 1442 523 1502 non
546 1442 795 1502 probamus,
812 1442 874 1502 qui
891 1442 965 1502 pro
982 1442 1236 1502 Malabathro

224 1494 444 1554 subllituunt
472 1496 669 1556 Cassiam.
680 1496 940 1556 Graecorum,
963 1495 1084 1555 quam
1102 1495 1234 1555 tamen

228 1546 324 1606 ipsam
342 1548 421 1608 non
440 1550 489 1610 ita
507 1550 622 1610 facilè
646 1550 919 1610 rejiceremus,
931 1550 962 1610 si
980 1550 1083 1610 aliter
1101 1549 1229 1609 facere

237 1598 302 1658 non
315 1603 535 1663 possemus.

283 1654 455 1714 OSTIIS,
480 1657 595 1717 quòd
615 1657 718 1717 foliis
749 1655 787 1715 &
807 1655 915 1715 caule
935 1654 1005 1714 lini
1018 1654 1159 1714 faciem
1178 1654 1235 1714 re¬

247 1705 1245 1768 praesentat, officinis LINARIA, German. Flachs¬
222 1760 301 1820 taut
319 1760 325 1820 /
331 1762 534 1822 harntraut
546 1763 797 1823 appellatur,
821 1763 944 1823 frutex
974 1762 1024 1822 est
1042 1762 1165 1822 niger,
1177 1762 1232 1822 ra¬

208 1813 326 1873 mulos
349 1815 485 1875 ferens
508 1816 662 1876 tenues,
673 1817 815 1877 lentos,
827 1816 1004 1876 fractuque
1021 1813 1233 1873 contuma¬

224 1867 284 1927 tes:
297 1868 327 1928 &
338 1869 375 1929 in
393 1870 453 1930 his
471 1870 561 1930 folia
586 1870 796 1930 quaterna,
815 1869 947 1929 quina,
959 1868 1110 1928 senáve,
1122 1867 1182 1927 ceu
1200 1867 1249 1927 li¬

223 1921 260 1981 ni,
272 1922 373 1982 nigra
391 1923 429 1983 in
442 1924 579 1984 initio,
598 1923 685 1983 dein
704 1922 835 1982 colore
860 1921 1010 1981 mutato
1030 1921 1235 1981 rubescen¬

218 1976 263 2036 ia.
276 1975 393 2035 Hujus
412 1975 536 2035 flores
556 1976 718 2036 numero
731 1976 756 2036 si
776 1976 789 2036 à
809 1976 938 2036 medio
964 1975 1049 2035 usque
1062 1974 1107 2034 ad
1126 1972 1230 2032 sum¬

212 2026 317 2086 mum
328 2027 521 2087 visuntur,
533 2027 719 2087 sylvestris
736 2029 882 2089 cumini
905 2027 1063 2087 secundi
1074 2027 1226 2087 generis

194 2081 330 2141 modo:
348 2083 484 2143 verùm
502 2083 538 2143 in
561 2083 638 2143 hoc
656 2083 846 2143 purpurei
863 2081 958 2141 sunt,
970 2080 1005 2140 in
1023 2080 1077 2140 illa
1100 2080 1224 2140 sublu¬

207 2135 253 2195 tei
270 2135 405 2195 Passim
422 2135 463 2195 in
481 2135 760 2195 campestribus
784 2135 976 2195 provenit.
987 2134 1104 2194 Floret
1127 2132 1226 2192 aesta¬

202 2189 231 2249 te
248 2189 350 2249 tota,
367 2188 407 2248 &
418 2188 641 2248 autumno.
652 2188 686 2248 *
715 2188 937 2248 Decoctum
959 2188 1045 2248 ejus
1062 2188 1221 2248 potum,

196 2243 299 2303 juvat
316 2242 527 2302 arquatos.
544 2242 693 2302 Dioscor.
704 2241 744 2301 &
761 2240 994 2300 Matihiolus.

251 2297 467 2357 NARDUM
502 2296 677 2356 officinae
700 2294 898 2354 NARDIS
933 2294 1132 2354 SPICAM
1155 2296 1227 2356 ap¬

195 2348 352 2408 pellant.
364 2350 460 2410 Ejus
478 2350 623 2410 genera
646 2348 737 2408 duo:
755 2347 881 2407 unum
899 2347 1050 2407 Indicum,
1062 2347 1224 2407 alterum

190 2402 295 2462 Syria
312 2404 394 2464 cum
411 2402 604 2462 vocatur:
622 2402 680 2462 non
698 2402 802 2462 quòd
820 2402 855 2462 in
878 2402 983 2462 Syria
1007 2402 1228 2462 proveniat,

198 2455 261 2515 sed
278 2455 392 2515 quòd
409 2456 563 2516 montis
586 2455 626 2515 in
649 2455 735 2515 quo
752 2455 889 2515 oritur,
900 2453 980 2513 pars
1003 2453 1071 2513 una
1095 2452 1140 2512 ad
1157 2452 1225 2512 Sy¬

179 2510 281 2570 tios,
293 2510 377 2570 pars
401 2509 515 2569 altera
538 2509 574 2569 ad
592 2508 718 2568 Indos
742 2507 927 2567 flectitur.
946 2506 1053 2566 Nota
1077 2506 1137 2566 est.
1149 2506 1227 2566 Eli¬

198 2560 290 2620 gitur
309 2563 464 2623 Syriaca
488 2563 600 2623 dicta:
619 2563 724 2623 cujus
742 2561 786 2621 hę
805 2561 886 2621 sunt
904 2560 1022 2620 notae,
1028 2560 1065 2620 ut
1083 2560 1127 2620 sit
1146 2561 1226 2621 bre¬

193 2614 230 2674 vi
248 2617 380 2677 spica,
398 2617 548 2677 largam
573 2617 717 2677 gerens
741 2614 928 2674 comam,
941 2614 1084 2674 colore
1109 2615 1227 2675 flava,

181 2669 393 2729 odorata,
410 2669 669 2729 aliquantulum
680 2668 858 2728 redolens
881 2668 1081 2728 cyperum,
1093 2666 1225 2726 amaro

183 2723 351 2783 sapore,
363 2723 543 2783 linguam
566 2722 745 2782 siccante,
769 2720 856 2780 quae
873 2720 931 2780 diu
949 2720 983 2780 in
1001 2720 1065 2780 sua
1082 2720 1215 2780 odoris

200 2776 316 2836 gratia
333 2777 583 2837 permaneat.
606 2774 861 2834 Adulteratur
884 2773 995 2833 stibio
1018 2773 1099 2833 cum
1117 2773 1215 2833 aqua

198 2829 261 2889 aut
279 2830 436 2890 palmeo
454 2830 547 2890 vino
570 2828 762 2888 ponderis
780 2827 885 2887 causa
902 2827 1118 2887 inspirato.
1141 2828 1222 2888 Sed

204 2884 236 2944 ex
261 2882 572 2942 praecedentibus
598 2881 698 2941 notis
718 2879 971 2939 dignoscitur.
991 2880 1218 2940 Madefacta

191 2936 306 2996 etiam
323 2936 445 2996 vendi
462 2936 578 2996 solet:
595 2935 711 2995 quod
728 2933 861 2993 vitium
878 2933 919 2993 ex
942 2933 983 2993 eo
1006 2932 1231 2992 deprehen¬

200 2986 314 3046 ditur,
327 2989 435 3049 quòd
460 2989 625 3049 candida
644 2989 688 3049 sit
707 2988 822 3048 spica,
834 2987 1025 3047 squalida,
1037 2987 1221 3047 nulloque

192 3041 351 3101 pulvere
375 3040 516 3100 obsita.
540 3040 584 3100 *
602 3040 841 3100 Excalefacit
860 3040 1006 3100 excessu
1031 3040 1172 3100 primo,
1190 3040 1227 3100 &

198 3092 359 3152 desiccat
384 3094 558 3154 secundo
581 3094 653 3154 jam
677 3094 899 3154 completo.
911 3093 1150 3153 Composita
1174 3094 1216 3154 est

201 3146 243 3206 ex
268 3148 499 3208 astringente
523 3148 754 3208 sufficienter
772 3148 997 3208 substantia,
1016 3146 1058 3206 &
1070 3146 1149 3206 acri
1162 3146 1222 3206 ca¬

197 3200 273 3260 lida
296 3200 372 3260 non
396 3202 537 3262 multa,
548 3202 583 3262 &
601 3202 777 3262 quadam
789 3200 917 3260 leviter
935 3199 1081 3259 amara.
1093 3197 1122 3257 *
1134 3196 1227 3256 Uri¬

197 3253 288 3313 nam
306 3255 464 3315 movet,
476 3256 605 3316 alvum
629 3256 727 3316 potu
745 3254 848 3314 sistit:
867 3254 988 3314 vulvae
1006 3253 1220 3313 profluvia,

176 3306 392 3366 saniemque
412 3310 590 3370 apposita
622 3310 845 3370 supprimit.
864 3308 1036 3368 Nauseae
1055 3306 1099 3366 ex
1119 3305 1214 3365 aqua

193 3358 326 3418 frigida
348 3366 571 3426 auxiliatur,
585 3368 622 3428 &
637 3368 837 3428 stomachi
851 3364 1096 3424 rosionibus,
1111 3361 1221 3421 infla¬

1276 89 2301 175 [A] tioni, jecinori, regio morbo, renum vitiis. Aquae
1310 166 1447 226 autem
1465 167 1626 227 incocta
1650 167 1739 227 fotu
1769 167 1816 227 ad
1835 167 2031 227 infessum,
2037 167 2157 227 vulvae
2168 170 2335 230 inflam¬

1310 218 1552 278 mationibus
1576 218 1782 278 medetur:
1807 220 1849 280 ad
1873 220 2018 280 glabras
2037 222 2243 282 oculorum
2261 225 2328 285 ge¬

1294 272 1370 332 nas
1388 272 1499 332 valet:
1511 272 1710 332 siquidem
1728 272 1786 332 eas
1810 274 1857 334 ad
1880 274 2109 334 densiorem
2133 276 2256 336 pilum
2274 277 2332 337 re¬

1298 325 1426 385 ducit.
1438 325 1604 385 perfusis
1630 326 1803 386 humore
1822 326 2059 386 corporibus
2084 329 2334 389 inspergitur.

1301 377 1485 437 Miscetur
1510 377 1725 437 antidotis,
1732 379 1770 439 &
1789 379 1828 439 in
1847 380 1954 440 fictili
1967 380 2068 440 novo
2094 382 2170 442 non
2195 383 2347 443 picato¬

1302 433 1353 493 ad
1370 431 1536 491 ocularia
1553 431 1839 491 medicamenta
1863 434 2103 494 reconditur,
2114 434 2200 494 trita
2217 434 2252 494 in
2269 433 2331 493 fa¬

1295 484 1453 544 rinam,
1470 485 1535 545 aut
1552 485 1634 545 cum
1646 485 1739 545 vino
1763 485 1803 545 in
1821 486 1991 546 pastillos
2008 487 2166 547 coacta.
2189 487 2329 547 Caete¬

1293 536 1384 596 rùm
1403 536 1519 596 longè
1543 538 1580 598 ab
1605 538 1715 598 omni
1733 538 1867 598 Nardo
1885 539 2001 599 distat
2020 541 2143 601 nostra
2167 541 2326 601 Nardus

1303 589 1464 649 vulgaris
1490 592 1736 652 (Spicanardi
1748 593 1904 653 vocata)
1923 593 2027 653 eujus
2046 593 2163 653 etiam
2175 593 2324 653 generis

1308 646 1346 706 ea
1365 646 1409 706 est
1428 646 1586 706 planta,
1599 646 1719 706 quam
1744 647 1865 707 aliqui
1891 647 2005 707 vulgò
2030 647 2233 707 appellant
2251 646 2327 706 La¬

1308 698 1452 758 vanda,
1470 698 1530 758 alii
1548 698 1631 758 verò
1661 698 1907 758 Lavendula:
1925 700 2027 760 adeò
2050 700 2087 760 ut
2105 700 2183 760 haec
2200 700 2332 760 foemi¬

1289 751 1380 811 na,
1392 751 1447 811 illa
1465 751 1557 811 verò
1575 751 1654 811 mas
1679 751 1715 811 in
1740 752 1789 812 eo
1807 754 1947 814 genere
1972 754 1990 814 à
2020 754 2143 814 quàm
2155 751 2332 811 plurimis

1304 803 1539 863 vocitentur.
1565 803 1651 863 Mas
1670 805 1763 865 folio
1788 805 2111 865 constatlatiore,
2124 808 2328 868 longiore,

1303 856 1506 916 crassiore,
1520 857 1758 917 robustiore,
1771 860 2036 920 albidioreque,
2057 860 2186 920 quàm
2200 859 2342 919 foemi¬

1301 910 1367 970 na.
1379 910 1451 970 Sed
1469 911 1602 971 utraque
1614 911 1746 971 planta
1764 911 1961 971 fruticosa,
1974 913 2010 973 &
2028 913 2232 973 rosmarini
2250 912 2340 972 mo¬

1296 964 1350 1024 do
1369 962 1586 1022 innumeris
1604 962 1742 1022 referta
1760 964 1802 1024 est
1820 965 1952 1025 foliis:
1964 965 1983 1025 è
2001 967 2175 1027 quorum
2193 965 2326 1025 medio

1299 1018 1435 1078 juncei
1453 1018 1589 1078 exeunt
1607 1018 1797 1078 cauliculi,
1809 1019 2082 1079 quadranguli,
2093 1019 2242 1079 tenues,
2253 1018 2324 1078 do¬

1283 1070 1527 1130 drantalem
1550 1069 1842 1129 longitudinem
1871 1072 2133 1132 excedentes:
2151 1072 2193 1132 in
2211 1072 2323 1132 quo¬

1291 1124 1390 1184 rum
1413 1123 1611 1183 cacumine
1634 1123 1751 1183 flores
1774 1124 1914 1184 exeunt
1932 1124 2077 1184 spicati,
2089 1126 2217 1186 colore
2240 1126 2328 1186 pur¬

1315 1179 1449 1239 pureo,
1475 1177 1653 1237 quamvis
1666 1177 1705 1237 in
1723 1177 1889 1237 foemina
1909 1177 2126 1237 dilutiores,
2139 1178 2336 1238 patentio¬

1297 1231 1406 1291 resque
1419 1232 1567 1292 zodore
1587 1231 1819 1291 fragrantes,
1825 1229 1954 1289 verùm
1973 1229 2057 1289 usque
2070 1231 2173 1291 adeò
2192 1233 2327 1293 acuto,

1291 1283 1346 1343 ut
1365 1283 1471 1343 nares
1489 1283 1620 1343 feriat.
1633 1282 1888 1342 Colliguntur
1913 1282 2031 1342 ambo
2050 1283 2174 1343 mense
2199 1285 2323 1345 Majo,

1307 1337 1364 1397 vel
1375 1337 1512 1397 Junio.
1523 1337 1814 1397 Conservantur
1831 1336 1923 1396 verò
1946 1336 2008 1396 per
2025 1336 2191 1396 annum.
2208 1336 2327 1396 FEX¬

1296 1390 1535 1450 calefaciunt
1553 1390 1588 1450 &
1600 1390 1780 1450 exiccant
1798 1390 1929 1450 ordine
1953 1390 2126 1450 secundo
2144 1390 2329 1450 comple¬

1298 1445 1368 1505 to,
1380 1444 1438 1504 vel
1456 1444 1566 1504 tertio
1589 1444 1834 1504 inchoante,
1852 1444 1992 1504 viribus
2015 1444 2027 1504 à
2044 1444 2173 1504 nardis
2196 1441 2324 1501 omni¬

1297 1496 1363 1556 bus
1382 1496 1467 1556 non
1479 1496 1595 1556 longè
1613 1496 1906 1556 recedentibus.
1936 1496 2174 1556 Conferunt
2192 1495 2326 1555 omni¬

1291 1550 1370 1610 bus
1390 1550 1535 1610 cerebri
1555 1549 1852 1609 aegritudinibus
1879 1549 1899 1609 à
1919 1549 2058 1609 frigido
2091 1549 2329 1609 provenien¬

1292 1601 1417 1661 tibus:
1435 1601 1655 1661 convullis,
1667 1601 1888 1661 resolutisque
1900 1601 2155 1661 auxiliantur:
2179 1601 2328 1661 ventri¬

1295 1654 1391 1714 culum
1404 1655 1611 1715 roborant,
1623 1654 1653 1714 &
1665 1654 1769 1714 jecur
1793 1653 1829 1713 ab
1853 1652 2018 1712 infarctu
2037 1652 2213 1712 liberant:
2225 1654 2316 1714 quin

1245 1703 2330 1765 [D] & obstructos lienes juvant: uterum calefaciunt,
1295 1762 1337 1822 &
1355 1762 1531 1822 menses,
1550 1762 1586 1822 &
1598 1760 1787 1820 secundas
1812 1759 1981 1819 educunt
2012 1757 2066 1817 Fit
2079 1757 2091 1817 è
2115 1759 2243 1819 florib.
2249 1760 2322 1820 stil.

1289 1816 1433 1876 latitium
1445 1815 1583 1875 oleum
1601 1813 1727 1873 vitreis
1750 1813 1931 1873 organis,
1949 1811 2056 1871 quod
2080 1811 2236 1871 propriè
2254 1813 2326 1873 un¬

1295 1870 1492 1930 guentarii
1509 1867 1672 1927 vocant.
1690 1867 1841 1927 Oleum
1870 1867 2027 1927 Spicae,
2044 1865 2189 1925 odoris
2213 1864 2317 1924 adeò

1298 1922 1486 1982 acerrimi,
1498 1921 1534 1981 ut
1552 1921 1680 1981 caetera
1704 1921 1965 1981 odoramenta
1989 1921 2159 1981 superet.
2171 1919 2323 1979 Dioscor.

1284 1973 1466 2033 Galenus,
1477 1972 1518 2032 &
1536 1972 1770 2032 Matthiolus.

1352 2026 1500 2086 Nardus
1525 2026 1681 2086 Indica,
1698 2027 1789 2087 tam
1805 2027 1870 2087 per
1887 2027 1920 2087 se
1944 2028 2060 2088 quàm
2077 2026 2323 2086 Succedanei

1294 2080 1390 2140 loco
1408 2079 1443 2139 in
1467 2080 1664 2140 Theriacam
1683 2080 1886 2140 accipitur,
1898 2081 2017 2141 quare
2041 2081 2143 2141 opus
2167 2080 2214 2140 est
2232 2078 2328 2138 con¬

1300 2134 1534 2194 sideratione
1565 2134 1633 2194 hac
1652 2134 1689 2194 in
1707 2134 1812 2194 parte
1837 2135 2034 2195 diligenti,
2047 2134 2084 2194 &
2096 2132 2312 2192 videndum

1286 2186 1334 2246 an
1358 2186 1466 2246 Spica
1484 2186 1622 2246 Nardi,
1634 2186 1718 2246 quae
1737 2186 1773 2246 in
1790 2186 1965 2246 officinis
1983 2186 2163 2246 habetur,
2175 2186 2211 2246 sit
2235 2185 2319 2245 vera

1293 2239 1365 2299 nec
1383 2239 1443 2299 ne:
1461 2239 1551 2299 quae
1563 2240 1719 2300 tametsi
1736 2240 1838 2300 radix
1856 2240 1917 2300 sit,
1934 2240 2096 2300 propter
2109 2237 2330 2297 similitudi¬

1294 2293 1386 2353 nem
1403 2294 1535 2354 tamen
1558 2293 1724 2353 vocatur
1753 2293 1862 2353 Spica
1884 2293 2103 2353 secundùm
2125 2293 2212 2353 Gal.
2223 2293 2286 2353 lib.
2298 2293 2332 2353 1.

1299 2347 1345 2407 de
1363 2345 1591 2405 Antidotis:
1614 2345 1906 2405 observandum
1929 2347 2057 2407 quoque
2069 2345 2116 2405 ne
2133 2345 2314 2405 coctione

1300 2399 1343 2459 de
1362 2399 1418 2459 sua
1437 2398 1655 2458 integritate
1686 2399 1829 2459 aliquid
1853 2399 2066 2459 decessent,
2078 2398 2115 2458 &
2127 2396 2326 2456 adultera¬

1294 2453 1330 2513 ta
1354 2452 1397 2512 ad
1421 2452 1488 2512 nos
1506 2452 1707 2512 afferatur.
1720 2452 1824 2512 Nam
1842 2453 1933 2513 olim
1951 2452 2201 2512 unguentarni
2219 2449 2323 2509 quo¬

1289 2504 1369 2564 que
1393 2504 1456 2564 per
1474 2506 1753 2566 decoctionem
1777 2506 1814 2566 id
1839 2506 1950 2566 quod
1975 2506 2142 2566 optimum
2154 2503 2241 2563 erat,
2254 2503 2327 2563 ex¬

1282 2558 1523 2618 trahebant,
1535 2558 1735 2618 reliquum
1758 2558 1858 2618 verò
1876 2557 2023 2617 rursum
2046 2557 2158 2617 planè
2182 2555 2340 2615 expers¬

1295 2611 1442 2671 saporis
1459 2611 1494 2671 &
1506 2612 1647 2672 odoris
1664 2612 1905 2672 vendebant,
1916 2611 1998 2671 idque
2010 2610 2139 2670 nostro
2162 2608 2326 2668 tempo¬

1293 2665 1332 2725 re
1351 2665 1462 2725 facilè
1488 2665 1604 2725 etiam
1618 2665 1747 2725 posset
1766 2665 1961 2725 contingere
1987 2665 2247 2725 Quapropter
2259 2663 2331 2723 tu¬

1297 2717 1372 2777 tius
1397 2717 1461 2777 erit
1480 2718 1524 2778 de
1542 2719 1580 2779 eo
1612 2719 1801 2779 accipere,
1820 2717 1883 2777 ubi
1896 2717 1940 2777 ad
1953 2717 2022 2777 huc
2041 2716 2185 2776 aliquid
2211 2716 2318 2776 terrae

1282 2770 1480 2830 odoratae
1504 2770 1690 2830 adhaeret,
1701 2771 1789 2831 nam
1807 2771 1964 2831 tametsi
1987 2770 2034 2830 ad
2052 2770 2145 2830 illud
2162 2768 2319 2828 coctum

1295 2824 1430 2884 quoque
1447 2824 1600 2884 aliquid
1623 2822 1717 2882 item
1740 2822 1851 2882 terrae
1875 2824 1975 2884 addi
1987 2824 2121 2884 queat,
2133 2822 2174 2882 ea
2192 2822 2345 2882 tamen¬

1293 2878 1407 2938 omni
1425 2878 1551 2938 odore
1574 2876 1754 2936 destituta
1778 2876 1838 2936 est.
1850 2876 2029 2936 Dubitari
2047 2875 2161 2935 etiam
2179 2876 2322 2936 potest,

1292 2930 1334 2990 an
1358 2930 1514 2990 Nardus
1532 2930 1622 2990 una.
1634 2930 1820 2990 eademque
1838 2930 1892 2990 res
1916 2930 1957 2990 sit
1970 2930 2060 2990 cum
2077 2930 2215 2990 Spica,
2227 2930 2317 2990 quia

1297 2983 1315 3043 à
1339 2983 1479 3043 Galen.
1491 2983 1528 3043 9.
1540 2983 1607 3043 lib.
1625 2983 1668 3043 de
1692 2983 1990 3043 compositione
2014 2983 2166 3043 Medic.
2191 2983 2324 3043 secun¬

1294 3037 1383 3097 dum
1408 3038 1515 3098 loca,
1527 3038 1617 3098 cap.
1629 3037 1670 3097 4.
1682 3037 1754 3097 ubi
1772 3037 1909 3097 tractat
1933 3035 1981 3095 de
2010 3035 2315 3095 Medicamentis

1294 3091 1422 3151 colicis
1451 3089 1754 3149 Andromachi,
1771 3088 1810 3148 in
1832 3088 1951 3148 unam
1973 3089 2192 3149 eandemque
2215 3089 2332 3149 com¬

1294 3145 1539 3205 positionem
1563 3143 1748 3203 accipitur
1766 3142 1921 3202 Nardus
1939 3142 1975 3202 &
1993 3142 2118 3202 Spica,
2130 3140 2321 3200 tanquam

1288 3196 1348 3256 res
1367 3197 1537 3257 diversae.
1561 3196 1610 3256 Et
1628 3196 1671 3256 in
1689 3196 1890 3256 principio
1908 3194 1950 3254 8.
1963 3194 2029 3254 lib.
2048 3194 2090 3254 de
2121 3194 2328 3254 composi¬

1289 3250 1400 3310 tione
1425 3250 1580 3310 Medic.
1599 3250 1817 3310 secundum
1835 3248 1935 3308 loca,
1954 3246 2215 3306 Unguentum
2233 3243 2339 3303 Spi¬

1290 3304 1421 3364 catum
1450 3304 1491 3364 &
1508 3304 1766 3364 Nardinum,
1789 3302 1984 3362 tanquam
2007 3300 2104 3360 inter
2133 3299 2162 3359 se
2185 3298 2345 3358 diversa¬

1294 3361 1523 3421 ponuntur.
1543 3361 1623 3421 Sed
1643 3360 1805 3420 propter
1818 3358 1946 3418 unum
1966 3356 2026 3416 vel
2040 3355 2201 3415 alterum
2221 3353 2335 3413 hunc
