2479 3508
282 73 437 133 119

812 62 1226 122 Antidotani
1264 64 1593 124 specialis.
1617 64 1776 124 Lib.
1814 63 1886 123 I.

2219 71 2342 131 120

274 108 1329 193 locum, ab eo, quod tamen multorum aliorum
289 194 501 254 autoritate
518 191 719 251 receptum
735 190 797 250 est,
808 188 981 248 recedere
1003 188 1087 248 non
1104 187 1311 247 debemus,

288 247 527 307 quanquam
544 244 622 304 non
640 242 951 302 improbandum
968 241 1028 301 sit,
1040 241 1183 301 talibus
1207 239 1314 299 quae¬

290 301 489 361 stionibus
507 298 658 358 excitari
676 296 845 356 ingenia,
857 296 888 356 &
906 295 1039 355 offerri
1057 293 1305 353 occasionem

296 355 504 415 cogitandi
516 352 561 412 de
580 351 706 411 multis
725 349 876 409 utilibus
895 347 1002 407 rebus
1027 346 1255 406 accuratiùs.

347 406 493 466 Nardus
517 406 664 466 Celtica
682 404 762 464 jam
780 402 988 462 advehitur
1012 400 1062 460 ad
1080 400 1178 460 nos,
1190 397 1319 457 quan¬

290 458 412 518 quam
436 458 455 518 à
479 458 613 518 multis
638 457 828 517 nondum
858 454 1139 514 cognoscatur.
1170 452 1318 512 Obser¬

295 512 472 572 vandum
490 511 615 571 autem
632 510 679 570 est
696 509 856 569 tantùm
879 508 1022 568 radices
1044 506 1079 566 &
1096 505 1240 565 stipites
1257 503 1319 563 ac¬

291 566 497 626 cipiendas
522 564 680 624 abjectis
698 562 906 622 frondibus
930 560 1088 620 tanquam
1101 559 1315 619 inutilibus,

294 620 338 680 ut
356 619 488 679 Diosc.
501 617 632 677 docet.
651 615 896 675 Praestantius
921 613 1053 673 quoque
1071 611 1115 671 est
1133 610 1253 670 magis
1272 610 1322 670 re¬

295 671 1326 724 cens, odoratum, multis radicibus cohaerens, fra¬
289 724 360 784 ctu
379 724 579 784 contumax,
592 724 632 784 &
644 722 818 782 plenum.
838 719 960 779 Quod
980 718 1019 778 ut
1038 716 1180 776 diutiùs
1199 716 1309 776 asser¬

288 776 370 836 vari
388 778 515 838 possit,
527 776 654 836 Diosc.
666 775 843 835 tempore
856 773 906 833 ita
925 771 1229 831 praeparabatur.
1241 769 1310 829 Ra¬

273 830 387 890 dices
410 829 445 889 &
468 829 594 889 caules
617 827 967 887 contundebantur
996 826 1030 886 &
1047 824 1139 884 cum
1163 823 1254 883 vino
1272 821 1306 881 in

287 884 444 944 pastam
463 882 762 942 redigebantur,
775 880 879 940 unde
899 878 1094 938 Trochisci
1107 876 1205 936 facti
1217 874 1257 934 in
1276 874 1321 934 fi¬

286 933 368 993 ctili
386 934 527 994 recenti
539 935 639 995 benè
662 934 857 994 cooperto
880 931 1145 991 servabantur.
1156 929 1244 989 Hoc
1263 929 1315 989 ta¬

291 987 384 1047 men
407 988 483 1048 non
507 988 635 1048 solùm
659 988 781 1048 hodie
804 986 886 1046 non
910 985 1144 1045 observatur,
1161 983 1219 1043 sed
1243 982 1318 1042 etiam

293 1040 462 1100 frondes
486 1040 516 1100 &
533 1040 679 1100 radices
703 1040 784 1100 quae
802 1039 937 1099 magna
960 1039 995 1099 ex
1019 1038 1118 1098 parte
1142 1036 1218 1096 sunt
1236 1033 1317 1093 fra¬

292 1093 388 1153 giles
413 1093 446 1153 &
458 1094 643 1154 flaccidae,
656 1094 726 1154 unà
752 1093 1001 1153 accipiuntur.
1014 1091 1052 1151 Et
1071 1090 1251 1150 credibile
1270 1087 1314 1147 est

295 1145 388 1205 ideò
406 1147 444 1207 in
463 1147 630 1207 pastillos
649 1147 755 1207 fuisse
773 1145 1003 1205 redactum,
1015 1144 1059 1204 ut
1084 1144 1178 1204 vires
1190 1141 1308 1201 ipsius

290 1199 381 1259 quae
399 1199 545 1259 alioqui
563 1199 697 1259 facilè,
709 1199 751 1259 &
770 1198 940 1258 celeriter
958 1196 1207 1256 exhalabant,
1226 1194 1311 1254 diu¬

282 1252 369 1312 tiùs
387 1253 530 1313 integrè
561 1253 809 1313 servarentur,
822 1252 959 1312 ideoque
971 1252 1108 1312 vinum
1126 1250 1312 1310 addebant.

293 1306 344 1366 At
364 1306 383 1366 si
402 1306 574 1366 recentes
600 1306 746 1366 radices
765 1306 899 1366 haberi
918 1304 1098 1364 possent,
1110 1304 1225 1364 illaeque
1237 1305 1315 1365 sta¬

288 1357 360 1417 tim
377 1360 676 1420 usurparentur,
694 1360 778 1420 non
796 1358 891 1418 opus
921 1357 1011 1417 esset
1029 1357 1130 1417 priùs
1148 1357 1315 1417 Trochi¬

294 1412 381 1472 scos
400 1414 580 1474 formari.
599 1413 661 1473 His
680 1412 773 1472 itaque
792 1411 829 1471 de
854 1410 972 1470 causis
997 1409 1134 1469 magna
1159 1411 1320 1471 diligen¬

283 1462 350 1522 tia,
363 1465 475 1525 quam
495 1466 701 1526 hucusque
721 1465 800 1525 non
826 1463 927 1523 puto
946 1463 1013 1523 esse
1039 1463 1265 1523 adhibitam,
1278 1465 1311 1525 in

286 1516 367 1576 hac
386 1519 511 1579 planta
536 1518 755 1578 colligenda
780 1516 881 1576 opus
905 1516 974 1576 esse
993 1517 1162 1577 videtur.

342 1571 775 1631 SCOLOPENDRIUM
801 1570 936 1630 verum
976 1570 1214 1630 Asplenum,
1241 1571 1319 1631 Ce¬

288 1624 419 1684 terach
442 1624 477 1684 &
494 1624 753 1684 Hermionitis
770 1624 942 1684 vocatur:
954 1624 1086 1684 Germ.
1097 1624 1315 1684 Mugtrant.

296 1676 408 1736 Hisp.
421 1676 487 1736 Dor
500 1676 618 1736 idilla:
631 1676 802 1736 vulgaris
821 1676 907 1736 verò
933 1676 1104 1736 Phyllitis
1124 1676 1157 1736 &
1170 1676 1301 1736 lingua

294 1730 439 1790 cervina
463 1732 523 1792 est.
554 1730 718 1790 Eligitur
736 1730 869 1790 verum
899 1729 936 1789 &
948 1729 1184 1789 legitimum,
1197 1729 1300 1789 quod

291 1783 395 1843 foliis
413 1784 460 1844 est
483 1784 611 1844 multis
629 1783 908 1843 scolopendrae
932 1781 1090 1841 animali
1107 1781 1311 1841 similibus,

281 1835 326 1895 ab
349 1837 474 1897 radice
496 1837 564 1897 una
593 1835 899 1895 prodeuntibus.
910 1832 1086 1892 Nascitur
1103 1832 1137 1892 in
1159 1834 1318 1894 parieti¬

269 1887 371 1947 bus,
382 1889 519 1949 saxisque
537 1888 668 1948 siliceis
686 1888 722 1948 &
734 1888 882 1948 opacis:
894 1886 960 1946 nec
983 1886 1139 1946 caulem,
1151 1886 1216 1946 nec
1234 1888 1311 1948 flo¬

275 1942 378 2002 rem,
390 1940 450 2000 nec
468 1939 594 1999 semen
619 1939 745 1999 habet.
757 1939 860 1999 Folia
878 1940 1089 2000 polypodii
1107 1939 1234 1999 modo
1258 1939 1312 1999 di¬

278 1993 485 2053 viduntur,
498 1993 875 2053 subterflavescentia
900 1993 1139 2053 hirsutaque,
1152 1995 1308 2055 supernè

285 2046 443 2106 viridia.
462 2044 670 2104 Colligitur
695 2045 823 2105 mense
848 2045 1074 2105 Septembri.
1092 2046 1313 2106 Conserva¬

283 2098 347 2158 tur
364 2098 429 2158 per
440 2098 610 2158 annum.
621 2098 650 2158 *
668 2098 755 2158 Vim
773 2098 872 2158 hanc
889 2098 1036 2158 habent
1053 2099 1153 2159 folia,
1164 2099 1199 2159 in
1217 2099 1304 2159 ace¬

285 2152 334 2212 to
353 2153 578 2213 fervefacta,
590 2153 627 2213 ut
646 2153 708 2213 per
721 2153 802 2213 dies
820 2152 1076 2212 quadraginta
1101 2153 1188 2213 pota
1207 2153 1314 2213 lienem

290 2206 521 2266 absumant:
544 2206 690 2266 quibus
707 2206 826 2266 etiam
848 2206 1023 2266 contritis
1040 2206 1186 2266 lienem
1209 2206 1243 2266 ex
1265 2206 1317 2266 vi¬

285 2260 339 2320 no
364 2260 455 2320 illini
474 2260 645 2320 oportet.
658 2260 859 2320 Stranguriae
877 2260 914 2320 &
926 2260 1030 2320 regio
1055 2260 1195 2320 morbo
1220 2257 1305 2317 pro¬

292 2311 390 2371 dest,
403 2311 612 2371 singultum
631 2312 748 2372 sedat,
760 2312 933 2372 calculos
951 2312 988 2372 in
1001 2311 1124 2371 vesica
1149 2309 1322 2369 commi¬

282 2366 393 2426 nuit.
406 2365 660 2425 Conceptum
686 2365 859 2425 adimere
878 2366 1058 2426 creditur,
1071 2365 1126 2425 per
1145 2365 1232 2425 sese,
1244 2364 1306 2424 aut

288 2419 379 2479 cum
397 2419 488 2479 muli
500 2419 598 2479 liene
616 2419 805 2479 appensa.
829 2417 1005 2477 Tradunt
1029 2417 1163 2477 noctu,
1175 2419 1303 2479 silente

286 2473 389 2533 luna,
402 2473 517 2533 hujus
536 2473 584 2533 rei
603 2472 712 2532 gratia
743 2470 1035 2530 effodiendam.
1054 2470 1200 2530 Diosior.

340 2525 651 2585 SYMPHTTI
682 2525 758 2585 duo
784 2524 867 2584 sunt
886 2524 1038 2584 genera:
1057 2524 1221 2584 primum
1247 2524 1305 2584 pe¬

284 2578 434 2638 traeum,
445 2578 606 2638 alterum
629 2576 831 2636 consolida
848 2575 975 2635 major
1003 2576 1090 2636 Ger.
1102 2578 1314 2638 Walwurtz.

288 2630 397 2690 Gall.
402 2630 437 2690 de
454 2630 483 2690 la
506 2630 638 2690 Consyre
655 2630 926 2690 nuncupatur.
944 2630 1133 2690 Petraeum
1150 2630 1311 2690 nascitur

275 2683 323 2743 in
347 2683 475 2743 petris,
488 2683 603 2743 ramis
622 2683 829 2743 tenuibus.
847 2683 981 2743 parvis,
993 2683 1157 2743 origano
1176 2684 1310 2744 simili.

277 2735 370 2795 bus:
383 2735 564 2795 capitulis
583 2735 620 2795 &
639 2735 746 2795 foliis
771 2735 921 2795 thymi:
939 2735 1140 2795 lignosum
1158 2737 1302 2797 totum,

287 2789 485 2849 odoratum.
500 2789 609 2849 gustu
630 2789 753 2849 dulce,
767 2789 918 2849 salivam
932 2789 1049 2849 ciens:
1069 2789 1186 2849 longa
1206 2789 1309 2849 radi¬

280 2842 339 2902 ce,
352 2842 521 2902 subrufa,
535 2842 685 2902 digitali
698 2840 966 2900 crassitudine.
979 2840 1005 2900 *
1031 2840 1254 2900 Decoctum
1273 2842 1305 2902 in

284 2894 391 2954 aqua
410 2895 525 2955 mulsa
550 2896 581 2956 &
600 2896 709 2956 potum,
721 2896 918 2956 pulmonis
937 2896 1019 2956 vitia
1044 2894 1209 2954 purgat:
1222 2894 1304 2954 san¬

281 2948 447 3008 guinem
471 2948 756 3008 rejicientibus,
773 2947 809 3007 &
821 2947 922 3007 renum
933 2947 1040 3007 malis
1058 2947 1094 3007 ex
1117 2947 1212 3007 aqua
1236 2947 1301 3007 da¬

279 3001 355 3061 tur:
367 3002 408 3062 ad
426 3001 701 3061 dysenteriam,
713 3001 865 3061 rubraque
878 3001 1135 3061 foeminarum
1159 3001 1311 3061 proflu¬

279 3054 337 3114 via
360 3053 395 3113 in
406 3053 499 3113 vino
528 3053 766 3113 decoctum:
789 3053 841 3113 ad
870 3053 1055 3113 convulsa
1078 3053 1171 3113 verò
1200 3052 1234 3112 &
1252 3052 1315 3112 ru¬

285 3106 375 3166 pta,
392 3106 428 3166 ex
452 3107 559 3167 aceto
583 3107 702 3167 mulso
726 3106 893 3166 bibitur.
917 3106 1024 3166 Quin
1042 3106 1078 3166 &
1096 3106 1304 3166 comman¬

278 3161 469 3221 ducatum
494 3160 590 3220 sitim
609 3160 731 3220 sedat,
750 3158 922 3218 faucibus
948 3160 1082 3220 asperis
1107 3161 1299 3221 subvenit,

288 3215 443 3275 vulnera
466 3214 657 3274 recentia,
675 3214 967 3274 enterocelasque
990 3214 1234 3274 conglutinat
1263 3214 1299 3274 &

286 3265 381 3325 illitu
399 3267 571 3327 cohibet.
589 3268 725 3328 Carnes
750 3268 874 3328 autem
898 3267 981 3327 cum
999 3266 1207 3326 symphyto
1231 3266 1296 3326 de¬

281 3320 405 3380 coctae
435 3320 683 3380 coalescunt.
712 3319 925 3379 Alterum,
942 3319 1061 3379 quod
1084 3320 1303 3380 Consolida

276 3373 410 3433 major
428 3376 612 3436 vocatur,
630 3375 776 3435 caulem
795 3374 935 3434 emitit
953 3373 1215 3433 bicubitalem,
1234 3374 1295 3434 aut

1329 96 2366 193 [A] majorem, crassum, levem, angulo sum, ut sonchi,
1373 187 1565 247 inanem:
1587 188 1686 248 circa
1702 188 1823 248 quem
1845 187 1954 247 brevi
1976 188 2228 248 intervacante
2245 193 2370 253 spacio,

1385 241 1480 301 folia
1498 241 1635 301 exeunt
1653 241 1832 301 angusta,
1849 242 2028 302 buglosso
2052 244 2230 304 proxima,
2242 244 2361 304 oblon¬

1379 291 1449 351 ga,
1460 293 1624 353 hirsuta:
1635 295 1746 355 caule
1769 295 1984 355 secundum
2003 296 2171 356 angulque
2195 296 2363 356 quosdam

1378 344 1538 404 striato:
1555 346 1652 406 foliis
1675 347 1869 407 tenuibus,
1881 349 1921 409 ex
1938 349 2081 409 alarum
2098 349 2172 409 sinu
2195 349 2372 409 prodeun¬

1376 397 1499 457 tibus:
1511 398 1553 458 in
1576 399 1717 459 quibus
1741 401 1858 461 flores
1876 401 1993 461 lutei,
2011 403 2046 463 &
2064 403 2152 463 circa
2175 401 2299 461 caulem
2317 400 2381 460 ve¬

1384 451 1437 511 lut
1456 452 1623 512 verbasci
1647 454 1790 514 semina
1809 455 1994 515 emicant.
2017 455 2119 515 Tam
2143 455 2263 515 caulis,
2269 455 2376 515 quàm

1383 505 1479 565 folia
1504 505 1638 565 aspera
1657 506 1845 566 lanugine
1869 508 2058 568 horrent,
2076 509 2247 569 tactuque
2272 508 2375 568 pruri¬

1376 558 1464 618 tum
1491 559 1710 619 concitant.
1742 561 1918 621 Radices
1939 562 2191 622 demittuntur
2218 562 2300 622 foris
2328 563 2376 623 ni¬

1372 607 1483 667 orae,
1500 610 1611 670 intùs
1629 613 1833 673 candidae,
1850 614 2020 674 viscosae.
2031 614 2195 674 quarum
2218 616 2259 676 est
2282 616 2375 676 usus.

1326 663 2377 728 [B] Tritae & potae cruentis excreationibus, ruptisque
1376 715 2384 779 proficiunt: recentia vulnera illitae conglutinant.
1378 768 2386 828 carnes quoque si concoquantur, cogunt additae.
1360 818 2386 887 Inflammationibus, praesertim sedis; cum sene¬
1379 873 2394 925 cionis foliis, utiliter illinuntur. Colliguntur am¬
1377 926 2388 993 bo mense Augusto & Septembri. Conservantur
1384 982 1818 1057 per annum. Dioscor.
1441 1030 2389 1088 TUSSILAGO Hetruscis, vulgò dicitur Farfa¬
1380 1081 2400 1154 ra, & Farfarella, Germ. Hufflattich. Gall. Pas a’ asne.
1384 1138 2402 1203 Hisp. Vnna de asno, farfaro. Ei folia sunt majuscu¬
1326 1174 2401 1265 [C] la, quam hederae, sex aut septem à radice, subal¬
1377 1242 2400 1307 bida à terra, supernè virentia, in plures angulos
1379 1305 2399 1352 exeuntia. Caulis palmum altus; flos luteus, Ve¬
1373 1352 2398 1415 re prodit, quo unà cum caule confestim exuitur:
1372 1406 2398 1464 inde nonnulli his vacare existimarunt. Radix te¬
1378 1461 2407 1528 nuis est, & supervacua. Nascitur in amoenis &
1375 1510 2411 1562 riguis. * Folia ex melle trita igni sacro, & omni¬
1375 1560 2411 1628 bus inflammationibus illitu medentur. Arida
1377 1614 2400 1683 suffitu, ita ut fumus per infundibulum hianti ore
1367 1666 2413 1739 rapiatur, hos sanant, qui sicca tussi, atque ortho¬
1386 1728 2415 1793 pnoea infestantur: pectoris vomicas rumpunt.
1380 1777 2419 1845 Eundem effectum praebet suffita radix. decocta
1374 1825 2410 1909 in hydromelite, & pota, emortuos partus ejicit.
1367 1876 1621 1952 Dioscorides.
1468 1934 2342 2051 De foliis seu herbis calidis in secundo.
1421 2038 2408 2116 ANETHUM (German. Dillkraut. Gall. Anet.
1360 2094 2419 2157 Hisp. Aneldo. Ital. Anetho.) hortis omnibus fre¬
1379 2150 2420 2216 quentissimum, omni ex parte foeniculum aemu¬
1365 2196 2406 2268 latur, excepto gustu. * Calidum est in secundo,
1326 2239 2424 2326 [E] & siccum in primo. Digerit, dolorem sedat, som¬
1376 2307 2425 2367 num conciliat, & crudos & incoctos humores
1378 2361 2425 2430 concoquit. Aridi anethi, comae, seminisque deco¬
1379 2415 2430 2474 ctum, potu lac evo cat: inflationes & tormina se¬
1375 2468 2421 2542 dat; alvum vomitionesque sisti: utinas ciet, sin¬
1368 2522 2422 2589 gultus lenit: oculorum aciem hebetat, genitu¬
1375 2571 2432 2642 ram restinguit, assiduè potum. Decoctum ejus
1376 2626 2435 2694 foeminis vulvae malo oportunis, ad desessiones
1362 2685 2431 2737 utile. Condylomata illitus seminis cremati cinis
1375 2733 2436 2810 tollit. Colligitur mense Majo. Conservatur verò
1326 2760 2003 2857 [F] per annum. Galen. & Dioscor.
1424 2838 2424 2913 ANGELICA (Germ Angelick. Gall. Angelic.)
1374 2896 2438 2956 cubitalem excedit altitudinem, caule genicula¬
1377 2951 2441 3003 to, inani, multis alarum cavis referto: folia pro¬
1376 2995 2438 3067 fert oblonga, per ambitum serrata, in nigrum vi¬
1368 3046 2454 3122 rescentia: flores albos, in umbellam cohaerentes:
1368 3102 2440 3165 è quibus semen prodit tenue, lentium modo com¬
1374 3155 2448 3227 pressum. Radix ei subest crassa raphani modo,
1373 3217 2453 3274 quae in plures divaricatur ramos, gustu aeris, &
1359 3260 2437 3336 suaviter odorata. * Excalefacit, pariterque de
1363 3317 2446 3386 siccat ordine secundo completo, aut tertio inci¬
1388 3366 2419 3456 piente. Proinde aperit, attenuat, & discurit. Ve¬
2305 3445 2448 3480 nenis
