2479 3508
226 22 375 82 121

640 -2 1920 98 De Foliis calidis in gradu secundo.
2200 22 2341 82 122

218 91 321 151 nenis
341 91 506 151 mirificè
533 92 766 152 adversatur:
780 95 890 155 quare
917 97 1178 157 pestilentiam
1191 97 1247 157 ar¬

217 146 274 206 cet
294 145 443 205 hausta,
456 145 520 205 aut
533 146 759 206 frequenter
779 149 1024 209 commansa.
1037 151 1115 211 Ipsa
1134 151 1199 211 per
1211 151 1243 211 se

215 198 382 258 sumpta,
400 199 638 259 pituitosos,
650 202 865 262 lentosque
883 203 1073 263 humores
1091 205 1246 265 digerit.

216 253 326 313 Idem
349 251 506 311 praestat
536 252 570 312 &
582 253 721 313 radicis
751 256 966 316 decoctum
989 259 1100 319 quod
1129 259 1245 319 etiam

220 305 380 365 celeriùs
399 305 436 365 ex
455 307 603 367 frigore
622 309 863 369 tussientibus
888 313 1104 373 auxiliatur:
1123 313 1235 373 expe¬

219 360 343 420 ctorat
361 359 466 419 enim
485 361 696 421 efficaciter
721 364 901 424 crassam,
913 367 1112 427 lentamque
1124 365 1243 425 pitui¬

211 413 304 473 tam.
320 415 528 475 Sanantur
550 416 692 476 eodem
714 418 752 478 ex
779 419 883 479 aqua
899 419 960 479 aut
976 421 1069 481 vino
1090 421 1238 481 interna

203 467 401 527 viscerum
413 470 574 530 ulcera,
586 472 820 532 concretusque
838 473 995 533 sanguis
1013 473 1246 533 dissolvitur,

205 521 238 581 &
254 521 473 581 roboratur
489 525 741 585 ventriculus.
758 527 884 587 Radix
906 527 938 587 in
961 527 1158 587 pulverem
1174 526 1239 586 tri¬

206 575 234 635 ta
263 577 389 637 animi
417 578 629 638 deliquiis,
646 580 686 640 &
703 580 846 640 caeteris
875 580 1006 640 cordis
1035 581 1246 641 affectibus

210 631 328 691 opem
351 632 465 692 unicè
487 633 657 693 praestat.
674 634 788 694 Valet
804 634 849 694 ad
867 635 1116 695 rabiosorum
1139 635 1178 695 &
1190 635 1252 695 ve¬

200 683 457 743 nenosorum
485 686 663 746 morsus,
680 688 846 748 exteriùs
869 688 955 748 cum
972 689 1052 749 ruta
1075 689 1240 749 imposi¬

195 734 249 794 ta,
261 736 297 796 &
315 739 417 799 intrò
441 739 477 799 in
495 740 639 800 corpus
657 742 867 802 assumpta.
878 742 974 802 Hinc
992 743 1053 803 fit,
1059 743 1100 803 ut
1118 743 1250 803 recen¬

203 791 328 851 tiores
352 793 524 853 quidam
549 794 697 854 magna
721 796 918 856 opinione
941 797 1043 857 hanc
1066 797 1132 857 suis
1150 797 1246 857 inse¬

205 845 529 905 rantantidotis.
540 848 770 908 Matthiolus.

259 901 463 961 APIUM
495 901 656 961 vulgarem
675 901 693 961 à
718 902 954 962 Dioscoride
979 904 1239 964 Eleoselinum

209 952 360 1012 dicitur,
377 953 524 1013 Germ.
535 955 675 1015 Eppich.
692 955 791 1015 Gall.
809 956 925 1016 Persil.
938 956 1019 1016 Ital.
1030 955 1240 1015 Petrosemo¬

211 1004 250 1064 lb.
263 1006 373 1066 Hisp.
392 1008 540 1068 Perexil,
560 1009 792 1069 petrosclino
812 1009 1019 1069 grandius.
1044 1009 1089 1069 In
1102 1009 1238 1069 humi¬

211 1061 265 1121 dis
282 1061 449 1121 nascitur
467 1061 586 1121 locis.
598 1061 729 1121 Mense
752 1063 865 1123 Junio
889 1063 925 1123 &
937 1063 1044 1123 Julio
1067 1063 1145 1123 tum
1163 1063 1240 1123 flo¬

204 1113 274 1173 res,
285 1114 362 1174 tum
379 1115 531 1175 semina
555 1117 718 1177 profert.
724 1117 753 1177 *
777 1117 964 1177 Calidum
981 1117 1028 1177 est
1046 1117 1081 1177 in
1098 1117 1238 1177 secun¬

204 1166 277 1226 do.
295 1168 442 1228 Urinas
467 1169 503 1229 &
522 1171 669 1231 menses
687 1171 773 1231 ciet.
791 1172 914 1232 Flatus
932 1171 1098 1231 quoque
1122 1171 1245 1231 discu¬

210 1218 261 1278 tit,
274 1220 299 1280 &
318 1222 445 1282 magis
464 1225 623 1285 semen,
641 1228 762 1288 quàm
787 1228 908 1288 herba
927 1226 1016 1286 ipsa.
1029 1223 1182 1283 Calenus
1200 1219 1244 1279 &

218 1273 448 1333 Disscorides.

264 1330 554 1390 ARTEMISIA
581 1333 732 1393 (Germ.
746 1333 870 1393 Beifuß
884 1333 890 1393 /
897 1333 1049 1393 Bucken.
1055 1331 1141 1391 Gall
1174 1328 1241 1388 Ar¬

225 1378 307 1438 nusc.
324 1381 429 1441 Hisp.
446 1385 656 1445 Artemisa.)
674 1387 814 1447 magna
843 1387 883 1447 ex
907 1385 1012 1445 parte
1035 1385 1070 1445 in
1088 1384 1234 1444 mariti¬

223 1433 290 1493 mis,
302 1435 394 1495 item
419 1438 462 1498 in
480 1439 578 1499 locis
597 1440 750 1500 incultis
774 1439 971 1499 asperisque
983 1438 1162 1498 nascitur,
1174 1436 1241 1496 ab¬

227 1486 330 1546 inthii
341 1491 480 1551 modo
498 1495 703 1555 fruticosa.
721 1493 944 1553 majoribus
968 1492 998 1552 &
1016 1490 1245 1550 pinguiori¬

231 1539 279 1599 bus
297 1543 400 1603 foliis,
406 1547 636 1607 ramisque.
654 1549 781 1609 Hujus
806 1547 964 1607 quidem
982 1546 1121 1606 genera
1139 1544 1236 1604 duo:

239 1592 332 1652 unum
337 1597 483 1657 laetius,
501 1600 774 1660 habitiusque,
791 1600 907 1660 foliis,
919 1600 1075 1660 virgisque
1087 1598 1238 1658 latiori¬

247 1646 310 1706 bus:
322 1651 468 1711 alterum
487 1655 670 1715 tenuius,
689 1655 791 1715 flore
816 1654 949 1714 parvo,
961 1652 1089 1712 tenui,
1101 1652 1235 1712 candi¬

227 1700 273 1760 do,
285 1706 546 1766 graveolente.
569 1709 708 1769 Aestate
738 1709 877 1769 floret.
900 1707 1011 1767 Sunt,
1028 1706 1086 1766 qui
1103 1705 1138 1765 in
1161 1705 1242 1765 me¬

239 1756 426 1816 dueraneis
444 1762 643 1822 unicaulis
666 1762 829 1822 nomine
853 1761 1052 1821 appellent
1076 1759 1233 1819 tenuem

230 1809 420 1869 herbulam,
438 1814 610 1874 simplici
628 1816 729 1876 caule
753 1816 783 1876 &
801 1816 967 1876 minuto,
978 1814 1139 1874 floribus
1163 1810 1235 1870 sca¬

218 1861 305 1921 tente
322 1867 543 1927 tenuibus,
556 1870 660 1930 flavo
677 1870 829 1930 colore.
846 1869 916 1929 haec
934 1867 1230 1927 jucundiorem,

223 1918 324 1978 quàm
342 1921 577 1981 praecedens
603 1922 868 1982 efflatodorem.
887 1921 1134 1981 Colliguntur
1152 1918 1216 1978 am

216 1970 259 2030 bo
271 1973 371 2033 coelo
389 1976 563 2036 sereno,
575 1976 612 2036 in
631 1976 805 2036 meundie,
823 1976 996 2036 velantè,
1009 1974 1139 2034 mense
1164 1973 1226 2033 Ju¬

220 2024 275 2084 nii.
301 2028 611 2088 Conservantur
636 2029 698 2089 per
729 2030 885 2090 annum
909 2029 947 2089 in
972 2029 1083 2089 saccis
1109 2027 1239 2087 lineis.

216 2076 379 2136 Iltraque
402 2084 658 2144 excalefacit,
669 2084 873 2144 extenuat,
890 2082 1112 2142 fervefactae
1135 2081 1233 2141 con¬

215 2134 400 2194 venienter
417 2135 459 2195 in
483 2137 703 2197 muliebres
722 2138 888 2198 desessus
912 2137 1168 2197 adjiciuntur,
1186 2134 1233 2194 ad

209 2188 472 2248 detrahendos
489 2191 659 2251 menses,
676 2192 818 2252 partus,
835 2191 1125 2251 secundasque:
1142 2188 1234 2248 item

209 2240 247 2300 ad
264 2243 537 2303 pręclusiones
560 2245 680 2305 vulvae
696 2245 734 2305 &
751 2245 921 2305 eiusdem
942 2242 1232 2302 inflammatio¬

202 2294 282 2354 nes:
297 2296 474 2356 calculos
505 2299 803 2359 comminuunt,
818 2298 1056 2358 remoratam
1076 2296 1228 2356 urinam

200 2348 310 2408 cient,
323 2351 486 2411 menses
515 2353 666 2413 pestunt
689 2353 783 2413 pube
806 2353 928 2413 illitae.
946 2351 1091 2411 Succus
1109 2348 1231 2408 vulvae

202 2402 339 2462 inditus
362 2405 408 2465 ex
436 2407 602 2467 myrtha
625 2407 791 2467 eadem,
802 2405 894 2465 quae
917 2404 1071 2464 insessio
1094 2402 1231 2462 trahit.

206 2458 325 2518 Coma
355 2459 486 2519 tribus
504 2460 704 2520 drachmis
727 2461 951 2521 eorundem
968 2459 1237 2519 educendorum

206 2510 310 2570 gratia
327 2513 502 2573 bibitur.
513 2513 664 2573 Dioscor.

251 2567 501 2627 CESTRON
525 2569 868 2629 Psychotiophon
880 2569 1014 2629 (Germ
1037 2567 1229 2627 Vetonien.

210 2620 305 2680 GAlI.
316 2620 472 2680 Beteine,
489 2620 534 2680 vu
551 2621 712 2681 Petoine)
729 2623 941 2683 vocitatur,
953 2623 1148 2683 quoniam
1165 2618 1231 2678 fri¬

200 2671 294 2731 gidis
316 2672 417 2732 locis
433 2675 672 2735 inveniatur:
683 2677 811 2737 Latini
834 2677 1140 2737 BETONICAM
1162 2673 1234 2733 ap¬

203 2726 342 2786 pellant
376 2728 516 2788 Herba
533 2728 583 2788 est
600 2729 752 2789 caulem
774 2729 903 2789 ferens
931 2729 1094 2789 tenuem
1110 2728 1233 2788 cubiti

205 2780 423 2840 alitudine,
434 2782 500 2842 aut
516 2783 724 2843 majorem,
740 2783 992 2843 quadratum:
1002 2782 1095 2842 folia
1117 2781 1231 2841 quer¬

198 2834 272 2894 cus,
283 2834 438 2894 mollia,
449 2836 564 2896 longa,
575 2836 609 2896 in
626 2836 776 2896 ambitu
798 2837 924 2897 divisa,
941 2837 1130 2897 odorata,
1142 2836 1221 2896 pro¬

197 2890 239 2950 pe
255 2889 432 2949 radicem
453 2890 635 2950 majora:
651 2890 688 2950 in
716 2890 881 2950 summis
902 2891 1079 2951 caulibus
1100 2890 1228 2950 semen

201 2941 313 3001 relui
335 2942 526 3002 satureiae,
537 2944 723 3004 spicatum
751 2945 795 3005 est
824 2945 1014 3005 Decerpta
1037 2944 1149 3004 hujus
1166 2942 1227 3002 fo¬

203 2993 243 3053 lia
265 2996 425 3056 siccantur
448 2998 641 3058 plurimos
664 2998 704 3058 ad
721 2999 824 3059 usus.
841 2998 1052 3058 Radicibus
1075 2998 1228 3058 nititur,

205 3049 238 3109 ut
260 3049 406 3109 veratus
422 3050 635 3110 tenuibus,
652 3052 736 3112 quae
753 3052 792 3112 ex
814 3052 1077 3112 hydromelite
1094 3050 1134 3110 in
1150 3048 1228 3108 po¬

208 3104 256 3164 tu,
272 3103 506 3163 pituitosam
527 3104 793 3164 vomitionem
814 3107 1006 3167 evocant.
1022 3106 1123 3166 Folia
1145 3103 1224 3163 dari

205 3155 351 3215 debent
368 3157 510 3217 rupus,
526 3158 743 3218 conrulsis,
760 3158 989 3218 mulieribus
1005 3158 1125 3218 vulvae
1141 3158 1228 3218 ma¬

210 3211 238 3271 lo
260 3211 494 3271 oportunis,
505 3212 544 3272 &
561 3212 605 3272 ad
622 3213 817 3273 laxandos
839 3214 940 3274 uteri
951 3214 1229 3274 strangulatus,

201 3263 353 3323 denarii
375 3265 561 3325 pondere
584 3266 668 3326 cum
685 3268 984 3328 hydromelite:
1000 3266 1079 3326 ues
1102 3266 1141 3326 in
1153 3265 1231 3325 vini

205 3316 375 3376 seatario
392 3319 596 3379 drachmae
614 3320 713 3380 contra
731 3322 970 3382 serpentium
988 3320 1140 3380 morsus
1158 3316 1233 3376 ebi¬

213 3372 374 3432 buntur.
394 3374 522 3434 Herba
549 3376 683 3436 magna
703 3377 865 3437 utilitate
885 3376 1000 3436 illatis
1020 3376 1040 3436 à
1060 3376 1229 3436 serpente

1261 95 1285 155 A
1316 98 1540 158 vulncribus
1565 98 1738 158 illinitur.
1757 97 1931 157 adversus
1956 97 2031 157 etiam
2043 97 2192 157 venena
2210 97 2354 157 drath¬

1314 151 1371 211 ma
1394 152 1434 212 ex
1451 153 1542 213 vino
1566 154 1652 214 pota
1674 153 1887 213 convenit:
1909 152 2144 212 praesumpta
2167 154 2224 214 ea,
2242 154 2264 214 si
2282 155 2350 215 ve¬

1308 205 1464 265 nenum
1486 206 1715 266 hauriatur,
1737 206 1838 266 nihil
1861 205 2045 265 nocebit.
2073 207 2240 267 Urinam
2257 211 2342 271 ciet,

1310 259 1441 319 alvum
1458 260 1653 320 subducit.
1670 259 1858 319 Medetur
1881 259 2109 319 comitialib.
2126 260 2160 320 &
2177 264 2337 324 insanis,

1314 314 1403 374 pota
1428 314 1463 374 ex
1487 314 1612 374 aqua:
1636 314 1672 374 &
1684 314 1899 374 jecinoris,
1911 314 2066 374 lienisque
2083 314 2179 374 vitiis
2197 315 2341 375 drach¬

1307 364 1388 424 mae
1404 367 1580 427 pondere
1596 368 1634 428 in
1651 368 1765 428 aceto
1787 367 1929 427 mulso.
1940 368 2251 428 concoctionem
2267 370 2343 430 ad¬

1314 421 1446 481 juvat,
1458 421 1481 481 si
1504 421 1585 481 quis
1608 421 1688 481 cum
1711 421 1809 481 fabae
1826 421 2103 481 magnitudine
2132 422 2350 482 secundum

1309 474 1424 534 coenam
1440 475 1529 535 cum
1544 476 1654 536 melle
1675 475 1796 535 cocto
1817 475 2079 535 devoraverit:
2089 475 2220 535 modo
2241 475 2340 535 con¬

1314 526 1428 586 simili
1445 529 1549 589 acida
1566 529 1812 589 ructantibus
1835 529 2081 589 propinatur.
2093 529 2344 589 stomachicis

1307 580 1394 640 eam
1411 582 1672 642 manducare,
1684 581 1716 641 &
1733 581 1886 641 succum
1908 581 2094 641 devorare
2121 583 2307 643 proderit,
2317 584 2339 644 si

1258 637 1280 697 B
1308 637 1447 697 postea
1470 637 1632 697 dilutum
1649 635 1783 695 vinum
1800 635 2023 695 sorbeatur.
2040 635 2163 695 Datur
2180 635 2342 695 sangui¬

1310 687 1402 747 nem
1425 691 1712 751 excreantibus,
1729 689 1848 749 tribus
1870 688 2001 748 obolis
2023 688 2109 748 cum
2126 689 2240 749 diluti
2262 691 2337 751 vini

1320 742 1479 802 tyatho:
1491 743 1604 803 ischia
1616 743 1724 803 dicis,
1735 743 1895 803 renum,
1912 743 1946 803 &
1963 743 2003 803 ve
2014 743 2099 803 sicae
2117 743 2338 803 doloribus,

1322 794 1356 854 ex
1378 796 1492 856 aqua:
1509 797 1623 857 aquae
1646 797 1742 857 inter
1771 797 1861 857 cutem
1878 797 1975 857 binis
1992 796 2190 856 drachmis
2214 797 2248 857 ex
2270 797 2338 857 hy¬

1307 850 1535 910 dromelite,
1546 850 1569 910 si
1585 850 1831 910 febricitant:
1854 850 1910 910 sin
1932 850 2055 910 aliter,
2072 850 2111 910 ex
2133 850 2273 910 mulso.
2284 851 2340 911 re¬

1306 900 1381 960 gio
1409 902 1551 962 morbo
1574 904 1802 964 laborantes
1825 904 2008 964 recreat:
2031 904 2190 964 menses
2219 905 2345 965 pellit,

1311 956 1513 1016 drachmae
1533 958 1715 1018 pondere
1736 958 1824 1018 cum
1845 958 1938 1018 vino
1964 958 2078 1018 pota.
2099 958 2229 1018 alvum
2250 958 2337 1018 pur¬

1310 1010 1408 1070 gant
1426 1010 1606 1070 drachmę
1623 1012 1798 1072 quatuor
1821 1012 1909 1072 potę
1926 1012 1961 1072 in
1978 1012 2257 1072 hydromelitis
2275 1010 2344 1070 de¬

1312 1063 1399 1123 cem
1416 1064 1584 1124 cyathis.
1601 1066 1694 1126 facit
1710 1066 1792 1126 cum
1813 1066 1923 1126 melle
1950 1066 1993 1126 ad
2015 1066 2162 1126 tabem,
2173 1064 2206 1124 &
2222 1063 2343 1123 puru¬

1308 1118 1460 1178 lentam
1476 1118 1743 1178 excreationem.
1765 1118 1944 1178 Pariendi
1961 1118 2194 1178 teleritatem
2216 1118 2341 1178 affert,

1269 1171 1455 1231 uterique
1467 1172 1659 1232 cruciatus
1677 1172 1694 1232 à
1712 1171 1922 1231 frigiditate
1945 1171 2161 1231 conceptos
2184 1172 2341 1232 mulcet,

1306 1223 1334 1283 si
1356 1225 1396 1285 ex
1418 1226 1513 1286 aqua
1535 1226 1675 1286 calida,
1687 1226 1748 1286 aut
1765 1225 1888 1285 mulso
1910 1223 2079 1283 duarum
2095 1223 2347 1283 drachmarum

1309 1279 1491 1339 pondere
1514 1281 1765 1341 propinetur.
1787 1279 1958 1339 Nascitur
1981 1277 2010 1337 in
2033 1276 2146 1336 pratis
2169 1276 2204 1336 &
2221 1276 2340 1336 monti¬

1304 1330 1382 1390 bus
1399 1334 1572 1394 mundis,
1589 1336 1627 1396 &
1639 1336 1795 1396 opacis,
1806 1333 1896 1393 circa
1919 1331 2092 1391 frutices.
2125 1330 2338 1390 Colligitur

1310 1384 1440 1444 mense
1463 1387 1577 1447 Junii.
1588 1388 1748 1448 siccatur
1760 1388 1799 1448 in
1816 1387 1970 1447 umbra.
1987 1385 2250 1445 Conservatur
2272 1384 2335 1444 per

1306 1439 1479 1499 annum,
1495 1440 1723 1500 Dioscorides.

1364 1492 1522 1552 AIUGA
1547 1495 1687 1555 (quam
1705 1496 1834 1556 Graeci
1852 1494 2249 1554 CHAMAEPITYNS
2261 1490 2347 1550 vUl¬

1307 1543 1377 1603 gus
1394 1547 1669 1607 herbariorum
1693 1549 1815 1609 IVAM
1838 1548 2235 1608 AETHRITICAM,
2247 1546 2346 1606 Ger¬

1309 1598 1564 1658 Feidcypressen.
1576 1600 1683 1660 Hisp.
1695 1601 1838 1661 Pinillo.
1844 1601 1919 1661 Ital
1932 1601 1994 1661 Iva
2013 1600 2237 1660 appellant)
2249 1598 2336 1658 her¬

1312 1652 1360 1712 ba
1379 1652 1409 1712 in
1428 1654 1526 1714 terra
1544 1654 1667 1714 repens,
1679 1654 1881 1714 subcurva:
1900 1654 2004 1714 foliis
2022 1652 2255 1712 sempervivi
2274 1649 2348 1709 mi¬

1254 1705 1283 1765 D
1312 1706 1422 1766 noris
1445 1706 1574 1766 multò
1597 1708 1858 1768 tenuioribus,
1882 1706 2033 1766 hirsutis
2051 1706 2091 1766 &
2108 1705 2335 1765 pinguiori¬

1301 1759 1402 1819 bus,
1418 1762 1563 1822 circum
1584 1762 1718 1822 ramos
1745 1760 2034 1820 frequentibus,
2050 1759 2179 1819 odore
2200 1759 2339 1819 pinus:

1312 1813 1405 1873 flore
1421 1814 1541 1874 tenui,
1552 1814 1677 1874 luteo,
1688 1813 1748 1873 vel
1764 1813 1960 1873 candido:
1982 1811 2183 1871 radicibus
2205 1810 2335 1870 cicho¬

1300 1864 1345 1924 rii
1364 1865 1397 1925 *
1417 1867 1631 1927 Expurgat,
1644 1868 1872 1928 abstergitque
1885 1867 2021 1927 viscera
2041 1867 2125 1927 plus
2145 1867 2262 1927 quàm
2282 1867 2346 1927 ca¬

1309 1921 1453 1981 lefacit.
1481 1921 1585 1981 Folia
1608 1922 1753 1982 septem
1775 1921 1914 1981 diebus
1936 1921 1974 1981 in
1991 1919 2080 1979 vino
2102 1918 2197 1978 pota
2219 1918 2329 1978 regio

1310 1972 1453 2032 morbo
1470 1975 1698 2035 medentur:
1715 1975 1756 2035 &
1767 1975 2029 2035 quadraginta
2053 1973 2184 2033 diebus
2207 1971 2247 2031 ex
2264 1970 2332 2030 hy¬

1290 2026 1517 2086 dromelite
1535 2029 1768 2089 ischiadicos
1785 2030 1938 2090 sanant.
1955 2029 2108 2089 Dantur
2131 2026 2335 2086 peculiari¬

1309 2078 1363 2138 ter
1384 2081 1502 2141 urinae
1523 2083 1851 2143 difficultatibus.
1861 2081 2065 2141 jecinoris,
2075 2080 2108 2140 &
2124 2080 2263 2140 renum
2279 2081 2338 2141 vi¬

1314 2134 1382 2194 liis:
1394 2135 1622 2195 torminosis
1645 2135 1822 2195 prosunt.
1839 2135 1885 2195 Ea
1907 2134 2010 2194 apud
2028 2134 2221 2194 Heracleam
2233 2134 2342 2194 Pon¬

1307 2188 1441 2248 ticam,
1452 2189 1612 2249 perinde
1633 2189 1742 2249 atque
1763 2188 1965 2248 antidoto,
1975 2188 2110 2248 contra
2126 2188 2333 2248 aconitum

1310 2242 1499 2302 utuntur,
1510 2243 1689 2303 bibentes
1712 2242 1946 2302 decoctum.
1974 2242 2036 2302 Ad
2058 2240 2247 2300 antedicta
2270 2240 2342 2300 illi¬

1310 2296 1429 2356 nitui,
1441 2296 1521 2356 cum
1538 2297 1697 2357 polenta
1714 2296 1794 2356 jure
1816 2296 1970 2356 decocti
1987 2296 2164 2356 subacta.
2181 2297 2278 2357 Trita
2295 2297 2334 2357 in

1302 2348 1503 2408 farinam,
1514 2350 1556 2410 &
1573 2350 1662 2410 cum
1679 2350 1756 2410 fico
1780 2350 1821 2410 in
1839 2348 1969 2408 pilulis
1998 2348 2187 2408 sumpta,
2211 2347 2340 2407 alvum

1307 2402 1471 2462 emollit:
1488 2405 1646 2465 excepta
1664 2404 1775 2464 melle
1799 2404 1881 2464 cum
1899 2403 1968 2463 ęris
1986 2402 2144 2462 squama
2168 2402 2203 2462 &
2215 2402 2337 2462 resina

1312 2456 1456 2516 dejicit.
1478 2458 1661 2518 apposita
1689 2458 1727 2518 ex
1750 2458 1888 2518 melle,
1911 2458 2033 2518 vulvae
2050 2456 2133 2516 vitia
2155 2455 2332 2515 extrahit:

1302 2510 1572 2570 mammarum
1599 2510 1760 2570 duritias
1787 2509 1953 2569 discutit:
1969 2509 2131 2569 vulnera
2151 2509 2339 2569 glutinat:

1304 2563 1436 2623 ulcera
1459 2565 1545 2625 quae
1568 2566 1757 2626 serpunt,
1780 2564 1872 2624 cum
1889 2563 2003 2623 melle
2027 2563 2141 2623 illita,
2164 2563 2347 2623 cohibet.

1310 2617 1487 2677 Alterum
1516 2618 1569 2678 est
1592 2617 1716 2677 genus
1740 2617 1870 2677 ajugae
1893 2615 2134 2675 cubitalibus
2152 2615 2288 2675 ramis,
2299 2616 2340 2676 in

1307 2671 1494 2731 anchorae
1510 2671 1675 2731 speciem
1691 2669 1916 2729 incurvatis,
1933 2668 2212 2728 praetenuibus:
2223 2669 2333 2729 coma

1303 2725 1576 2785 supradictae,
1589 2725 1691 2785 flore
1717 2723 1920 2783 candido,
1946 2722 2086 2782 semine
2111 2722 2238 2782 nigro,
2258 2723 2334 2783 haec

1314 2779 1427 2839 etiam
1450 2777 1546 2837 pinum
1558 2777 1712 2837 redolet
1746 2777 1871 2837 Tertia
1888 2776 1968 2836 mas
1985 2776 2235 2836 nominatur;
2252 2776 2336 2836 par¬

1316 2833 1398 2893 vula
1423 2831 1524 2891 foliis
1550 2830 1746 2890 exilibus,
1760 2830 1867 2890 albis,
1880 2829 2038 2889 scabris,
2058 2830 2165 2890 caule
2184 2833 2336 2893 aspero,

1310 2885 1504 2945 candido:
1521 2884 1627 2944 luteis
1643 2884 1843 2944 flosculis,
1854 2882 1993 2942 semine
2015 2882 2115 2942 juxta
2138 2882 2232 2942 alas.
2243 2885 2332 2945 resi¬

1302 2941 1358 3001 pit
1382 2940 1416 3000 &
1433 2939 1507 2999 haec
1530 2938 1684 2998 pinum.
1701 2936 1776 2996 Hae
1798 2936 1884 2996 duae
1907 2936 1981 2996 vim
2004 2936 2215 2996 superioris
2238 2938 2346 2998 obti¬

1311 2993 1421 3053 nent,
1433 2992 1497 3052 sed
1514 2992 1596 3052 non
1613 2992 1729 3052 usque
1752 2990 1851 3050 adeo
1869 2990 2090 3050 efficacem.
2113 2989 2333 3049 Colligun¬

1296 3047 1360 3107 tur
1377 3046 1512 3106 omnia
1536 3044 1600 3104 tria
1624 3044 1758 3104 genera
1781 3043 1904 3103 mense
1934 3043 2051 3103 Junii.
2068 3043 2332 3103 Conservan¬

1301 3101 1408 3161 turque
1424 3101 1489 3161 per
1505 3099 1673 3159 annum.
1694 3097 1931 3157 Dioscoriaes.

1364 3152 1590 3212 Chamapym
1616 3150 1733 3210 vulgo
1759 3149 1823 3209 Isa
1843 3149 1959 3209 notiss
1992 3150 2069 3210 est:
2082 3151 2153 3211 nec
2174 3151 2328 3211 sollicitè

1310 3206 1351 3266 ex
1375 3206 1483 3266 Creta
1512 3206 1560 3266 est
1578 3206 1810 3266 quaerenda.
1839 3205 1946 3265 Nam
1971 3205 2142 3265 Galenus
2161 3205 2327 3265 quoque

1308 3260 1492 3320 affirmat,
1510 3260 1587 3320 eam
1604 3260 1694 3320 quae
1712 3259 1837 3319 prope
1860 3259 2027 3319 Romam
2044 3257 2199 3317 crescat,
2210 3257 2329 3317 Creti¬

1307 3316 1347 3376 ca
1370 3316 1438 3376 esse
1455 3314 1762 3374 odoratiorem,
1785 3313 1825 3373 &
1842 3313 2063 3373 Theriacam
2087 3313 2154 3373 pro
2171 3313 2325 3373 Caesare

1321 3371 1486 3431 paraturi
1504 3371 1580 3431 eam
1599 3371 1878 3431 accipiebant:
1891 3371 2023 3431 acque
2049 3369 2213 3429 dubium
2232 3367 2277 3427 est
2296 3365 2333 3425 in
