<?xml version="1.0" encoding="UTF-8" standalone="yes"?>
<PcGts xmlns="http://schema.primaresearch.org/PAGE/gts/pagecontent/2013-07-15" xmlns:xsi="http://www.w3.org/2001/XMLSchema-instance" xsi:schemaLocation="http://schema.primaresearch.org/PAGE/gts/pagecontent/2013-07-15 http://schema.primaresearch.org/PAGE/gts/pagecontent/2013-07-15/pagecontent.xsd">
    <Metadata>
        <Creator>prov=READ-COOP:name=PyLaia@TranskribusPlatform:version=0.7.5:model_id=37855:lm=none:date=23_09_2022_18:44
prov=READ-COOP:name=PyLaia@Transkribus:version=0.7.5:model_id=37855:date=23_09_2022_18:42
prov=University of Rostock/Institute of Mathematics/CITlab|PLANET AI GmbH/Tobias Gruening/tobias.gruening@planet-ai.de:name=de.uros.citlab.module.baseline2polygon.B2PSeamMultiOriented:v=2.6.7</Creator>
        <Created>2022-09-23T18:01:45.74+02:00</Created>
        <LastChange>2025-10-15T17:36:31.970+02:00</LastChange>
        <Comments>
                Measurement unit: pixel
                PrimaryLanguage: 
                Producer: Transkribus
            </Comments>
        <TranskribusMetadata docId="1164174" pageId="47630691" pageNr="89" tsid="258021515" status="FINAL" userId="426746" imgUrl="https://files.transkribus.eu/Get?id=THKHMZIXDUMOYYAFMMCTDTHH&amp;fileType=view" xmlUrl="https://files.transkribus.eu/Get?id=CDSNTYMMDEFRFFMRUKLZFBXR" imageId="38929842"/>
    </Metadata>
    <Page imageFilename="0089_p089.jpg" imageWidth="2479" imageHeight="3508">
        <PrintSpace>
            <Coords points="12,83 2479,83 2479,3374 12,3374"/>
        </PrintSpace>
        <ReadingOrder>
            <OrderedGroup id="ro_1760787103428" caption="Regions reading order">
                <RegionRefIndexed index="0" regionRef="r_1_1"/>
                <RegionRefIndexed index="1" regionRef="r_2_1"/>
                <RegionRefIndexed index="2" regionRef="r_3_1"/>
                <RegionRefIndexed index="3" regionRef="r_5_1"/>
                <RegionRefIndexed index="4" regionRef="r_8_1"/>
                <RegionRefIndexed index="5" regionRef="r_7_1"/>
                <RegionRefIndexed index="6" regionRef="r_9_1"/>
                <RegionRefIndexed index="7" regionRef="r_11_1"/>
                <RegionRefIndexed index="8" regionRef="r_12_1"/>
            </OrderedGroup>
        </ReadingOrder>
        <TextRegion orientation="0.0" type="paragraph" id="r_1_1" custom="readingOrder {index:0;} structure {type:page-number;}">
            <Coords points="274,122 434,122 434,192 274,192"/>
            <TextLine id="r_1_1l1" custom="readingOrder {index:0;}">
                <Coords points="289,197 336,191 353,200 371,185 409,194 424,182 442,182 444,122 416,127 391,116 361,115 351,124 339,124 329,114 291,112"/>
                <Baseline points="303,173 328,174 353,173 378,174 403,175 429,179"/>
                <Word id="r_1_1l1_w1" custom="readingOrder {index:0;}">
                    <Coords points="298,133 298,193 433,193 433,133"/>
                    <TextEquiv>
                        <Unicode>123</Unicode>
                    </TextEquiv>
                </Word>
                <TextEquiv>
                    <Unicode>123</Unicode>
                </TextEquiv>
            </TextLine>
            <TextEquiv>
                <Unicode></Unicode>
            </TextEquiv>
        </TextRegion>
        <TextRegion orientation="0.0" type="paragraph" id="r_2_1" custom="readingOrder {index:1;} structure {type:header;}">
            <Coords points="772,83 1788,83 1788,200 772,200"/>
            <TextLine id="r_2_1l1" custom="readingOrder {index:0;}">
                <Coords points="767,185 1797,200 1797,103 767,103"/>
                <Baseline points="780,167 830,168 880,167 930,167 980,167 1031,167 1081,167 1131,167 1181,167 1231,167 1282,165 1332,165 1382,165 1432,165 1482,166 1533,167 1583,167 1633,167 1683,168 1733,168 1784,170"/>
                <Word id="r_2_1l1_w1" custom="readingOrder {index:0;}">
                    <Coords points="790,127 790,187 1185,187 1185,127"/>
                    <TextEquiv>
                        <Unicode>Antidotarii</Unicode>
                    </TextEquiv>
                </Word>
                <Word id="r_2_1l1_w2" custom="readingOrder {index:1;}">
                    <Coords points="1219,125 1219,185 1490,185 1490,125"/>
                    <TextEquiv>
                        <Unicode>specialis</Unicode>
                    </TextEquiv>
                </Word>
                <Word id="r_2_1l1_w3" custom="readingOrder {index:2;}">
                    <Coords points="1547,127 1547,187 1705,187 1705,127"/>
                    <TextEquiv>
                        <Unicode>Lib.</Unicode>
                    </TextEquiv>
                </Word>
                <Word id="r_2_1l1_w4" custom="readingOrder {index:3;}">
                    <Coords points="1727,129 1727,189 1794,189 1794,129"/>
                    <TextEquiv>
                        <Unicode>I.</Unicode>
                    </TextEquiv>
                </Word>
                <TextEquiv>
                    <Unicode>Antidotarii specialis Lib. I.</Unicode>
                </TextEquiv>
            </TextLine>
            <TextEquiv>
                <Unicode></Unicode>
            </TextEquiv>
        </TextRegion>
        <TextRegion orientation="0.0" type="paragraph" id="r_3_1" custom="readingOrder {index:2;} structure {type:page-number;}">
            <Coords points="2126,123 2296,123 2296,195 2126,195"/>
            <TextLine id="r_3_1l1" custom="readingOrder {index:0;}">
                <Coords points="2119,182 2159,182 2169,190 2189,185 2201,191 2222,184 2231,195 2241,190 2249,198 2269,194 2276,202 2288,202 2291,135 2237,122 2229,130 2194,121 2187,128 2149,119 2122,122"/>
                <Baseline points="2132,171 2160,170 2189,172 2218,174 2247,176 2276,174"/>
                <Word id="r_3_1l1_w1" custom="readingOrder {index:0;}">
                    <Coords points="2124,132 2124,192 2268,192 2268,132"/>
                    <TextEquiv>
                        <Unicode>124</Unicode>
                    </TextEquiv>
                </Word>
                <TextEquiv>
                    <Unicode>124</Unicode>
                </TextEquiv>
            </TextLine>
            <TextEquiv>
                <Unicode></Unicode>
            </TextEquiv>
        </TextRegion>
        <TextRegion orientation="0.0" type="paragraph" id="r_5_1" custom="readingOrder {index:3;} structure {type:paragraph;}">
            <Coords points="266,241 1245,241 1245,707 266,707"/>
            <TextLine id="l_1" custom="readingOrder {index:0;}">
                <Coords points="1266,251 270,252 270,197 1266,177"/>
                <Baseline points="284,237 389,236 494,234 599,233 704,233 810,231 915,230 1020,230 1125,230 1230,228 1266,228"/>
                <TextEquiv>
                    <Unicode>aliis apud nos locis aequè praestantem atque Ro¬</Unicode>
                </TextEquiv>
            </TextLine>
            <TextLine id="r_5_1l1" custom="readingOrder {index:1;}">
                <Coords points="263,305 1223,299 1258,293 1258,241 263,250"/>
                <Baseline points="276,288 324,287 372,287 421,287 469,285 518,285 566,284 615,284 663,282 712,282 760,281 808,281 857,279 905,279 954,279 1002,278 1051,278 1099,278 1148,278 1196,279 1245,279"/>
                <Word id="r_5_1l1_w1" custom="readingOrder {index:0;}">
                    <Coords points="275,247 275,307 436,307 436,247"/>
                    <TextEquiv>
                        <Unicode>manam</Unicode>
                    </TextEquiv>
                </Word>
                <Word id="r_5_1l1_w2" custom="readingOrder {index:1;}">
                    <Coords points="453,244 453,304 598,304 598,244"/>
                    <TextEquiv>
                        <Unicode>reperiri</Unicode>
                    </TextEquiv>
                </Word>
                <Word id="r_5_1l1_w3" custom="readingOrder {index:2;}">
                    <Coords points="615,242 615,302 743,302 743,242"/>
                    <TextEquiv>
                        <Unicode>posse:</Unicode>
                    </TextEquiv>
                </Word>
                <Word id="r_5_1l1_w4" custom="readingOrder {index:3;}">
                    <Coords points="766,240 766,300 882,300 882,240"/>
                    <TextEquiv>
                        <Unicode>modò</Unicode>
                    </TextEquiv>
                </Word>
                <Word id="r_5_1l1_w5" custom="readingOrder {index:4;}">
                    <Coords points="905,239 905,299 977,299 977,239"/>
                    <TextEquiv>
                        <Unicode>non</Unicode>
                    </TextEquiv>
                </Word>
                <Word id="r_5_1l1_w6" custom="readingOrder {index:5;}">
                    <Coords points="999,238 999,298 1039,298 1039,238"/>
                    <TextEquiv>
                        <Unicode>sit</Unicode>
                    </TextEquiv>
                </Word>
                <Word id="r_5_1l1_w7" custom="readingOrder {index:6;}">
                    <Coords points="1061,238 1061,298 1100,298 1100,238"/>
                    <TextEquiv>
                        <Unicode>de</Unicode>
                    </TextEquiv>
                </Word>
                <Word id="r_5_1l1_w8" custom="readingOrder {index:7;}">
                    <Coords points="1117,238 1117,298 1245,298 1245,238"/>
                    <TextEquiv>
                        <Unicode>crebris</Unicode>
                    </TextEquiv>
                </Word>
                <TextEquiv>
                    <Unicode>manam reperiri posse: modò non sit de crebris</Unicode>
                </TextEquiv>
            </TextLine>
            <TextLine id="r_5_1l2" custom="readingOrder {index:2;}">
                <Coords points="263,347 1141,352 1248,338 1248,298 263,305"/>
                <Baseline points="276,339 326,338 376,336 427,335 477,334 528,333 578,332 629,332 679,330 730,330 780,330 831,330 881,329 932,329 982,329 1033,329 1083,329 1134,329 1184,329 1235,329"/>
                <Word id="r_5_1l2_w1" custom="readingOrder {index:0;}">
                    <Coords points="269,298 269,358 312,358 312,298"/>
                    <TextEquiv>
                        <Unicode>&amp;</Unicode>
                    </TextEquiv>
                </Word>
                <Word id="r_5_1l2_w2" custom="readingOrder {index:1;}">
                    <Coords points="329,295 329,355 516,355 516,295"/>
                    <TextEquiv>
                        <Unicode>continuis</Unicode>
                    </TextEquiv>
                </Word>
                <Word id="r_5_1l2_w3" custom="readingOrder {index:2;}">
                    <Coords points="538,292 538,352 669,352 669,292"/>
                    <TextEquiv>
                        <Unicode>pluviis</Unicode>
                    </TextEquiv>
                </Word>
                <Word id="r_5_1l2_w4" custom="readingOrder {index:3;}">
                    <Coords points="686,290 686,350 790,350 790,290"/>
                    <TextEquiv>
                        <Unicode>nimis</Unicode>
                    </TextEquiv>
                </Word>
                <Word id="r_5_1l2_w5" custom="readingOrder {index:4;}">
                    <Coords points="812,289 812,349 1043,349 1043,289"/>
                    <TextEquiv>
                        <Unicode>madefacta.</Unicode>
                    </TextEquiv>
                </Word>
                <Word id="r_5_1l2_w6" custom="readingOrder {index:5;}">
                    <Coords points="1065,289 1065,349 1169,349 1169,289"/>
                    <TextEquiv>
                        <Unicode>Neque</Unicode>
                    </TextEquiv>
                </Word>
                <Word id="r_5_1l2_w7" custom="readingOrder {index:6;}">
                    <Coords points="1186,289 1186,349 1240,349 1240,289"/>
                    <TextEquiv>
                        <Unicode>diu</Unicode>
                    </TextEquiv>
                </Word>
                <TextEquiv>
                    <Unicode>&amp; continuis pluviis nimis madefacta. Neque diu</Unicode>
                </TextEquiv>
            </TextLine>
            <TextLine id="r_5_1l3" custom="readingOrder {index:3;}">
                <Coords points="267,397 1244,390 1244,337 266,347"/>
                <Baseline points="279,387 326,386 374,386 421,384 469,384 517,384 564,383 612,383 660,381 707,381 755,381 803,380 850,380 898,380 946,380 993,378 1041,378 1089,378 1136,378 1184,377 1232,377"/>
                <Word id="r_5_1l3_w1" custom="readingOrder {index:0;}">
                    <Coords points="273,346 273,406 325,406 325,346"/>
                    <TextEquiv>
                        <Unicode>est</Unicode>
                    </TextEquiv>
                </Word>
                <Word id="r_5_1l3_w2" custom="readingOrder {index:1;}">
                    <Coords points="349,344 349,404 461,404 461,344"/>
                    <TextEquiv>
                        <Unicode>quòd</Unicode>
                    </TextEquiv>
                </Word>
                <Word id="r_5_1l3_w3" custom="readingOrder {index:2;}">
                    <Coords points="478,344 478,404 555,404 555,344"/>
                    <TextEquiv>
                        <Unicode>ego</Unicode>
                    </TextEquiv>
                </Word>
                <Word id="r_5_1l3_w4" custom="readingOrder {index:3;}">
                    <Coords points="584,343 584,403 619,403 619,343"/>
                    <TextEquiv>
                        <Unicode>in</Unicode>
                    </TextEquiv>
                </Word>
                <Word id="r_5_1l3_w5" custom="readingOrder {index:4;}">
                    <Coords points="642,341 642,401 784,401 784,341"/>
                    <TextEquiv>
                        <Unicode>Apulia</Unicode>
                    </TextEquiv>
                </Word>
                <Word id="r_5_1l3_w6" custom="readingOrder {index:5;}">
                    <Coords points="807,340 807,400 966,400 966,340"/>
                    <TextEquiv>
                        <Unicode>eandem</Unicode>
                    </TextEquiv>
                </Word>
                <Word id="r_5_1l3_w7" custom="readingOrder {index:6;}">
                    <Coords points="989,338 989,398 1241,398 1241,338"/>
                    <TextEquiv>
                        <Unicode>perfectissimi</Unicode>
                    </TextEquiv>
                </Word>
                <TextEquiv>
                    <Unicode>est quòd ego in Apulia eandem perfectissimi</Unicode>
                </TextEquiv>
            </TextLine>
            <TextLine id="r_5_1l4" custom="readingOrder {index:4;}">
                <Coords points="257,450 1187,446 1244,435 1244,390 257,402"/>
                <Baseline points="269,437 317,437 365,435 413,435 461,434 510,434 558,432 606,432 654,431 702,431 751,431 799,429 847,429 895,429 943,428 992,428 1040,428 1088,428 1136,428 1184,428 1233,429"/>
                <Word id="r_5_1l4_w1" custom="readingOrder {index:0;}">
                    <Coords points="269,396 269,456 413,456 413,396"/>
                    <TextEquiv>
                        <Unicode>odoris</Unicode>
                    </TextEquiv>
                </Word>
                <Word id="r_5_1l4_w2" custom="readingOrder {index:1;}">
                    <Coords points="435,394 435,454 469,454 469,394"/>
                    <TextEquiv>
                        <Unicode>&amp;</Unicode>
                    </TextEquiv>
                </Word>
                <Word id="r_5_1l4_w3" custom="readingOrder {index:2;}">
                    <Coords points="480,392 480,452 613,452 613,392"/>
                    <TextEquiv>
                        <Unicode>saporis</Unicode>
                    </TextEquiv>
                </Word>
                <Word id="r_5_1l4_w4" custom="readingOrder {index:3;}">
                    <Coords points="641,390 641,450 881,450 881,390"/>
                    <TextEquiv>
                        <Unicode>collegerim:</Unicode>
                    </TextEquiv>
                </Word>
                <Word id="r_5_1l4_w5" custom="readingOrder {index:4;}">
                    <Coords points="897,388 897,448 1008,448 1008,388"/>
                    <TextEquiv>
                        <Unicode>Unde</Unicode>
                    </TextEquiv>
                </Word>
                <Word id="r_5_1l4_w6" custom="readingOrder {index:5;}">
                    <Coords points="1030,388 1030,448 1108,448 1108,388"/>
                    <TextEquiv>
                        <Unicode>ejus</Unicode>
                    </TextEquiv>
                </Word>
                <Word id="r_5_1l4_w7" custom="readingOrder {index:6;}">
                    <Coords points="1125,388 1125,448 1247,448 1247,388"/>
                    <TextEquiv>
                        <Unicode>maxi¬</Unicode>
                    </TextEquiv>
                </Word>
                <TextEquiv>
                    <Unicode>odoris &amp; saporis collegerim: Unde ejus maxi¬</Unicode>
                </TextEquiv>
            </TextLine>
            <TextLine id="r_5_1l5" custom="readingOrder {index:5;}">
                <Coords points="271,494 1246,491 1245,448 1160,434 270,449"/>
                <Baseline points="282,486 329,486 377,485 424,485 472,485 519,483 567,483 614,482 662,482 709,482 757,480 804,480 852,479 899,479 947,479 994,477 1042,477 1089,477 1137,477 1184,477 1232,476"/>
                <Word id="r_5_1l5_w1" custom="readingOrder {index:0;}">
                    <Coords points="271,446 271,506 338,506 338,446"/>
                    <TextEquiv>
                        <Unicode>ma</Unicode>
                    </TextEquiv>
                </Word>
                <Word id="r_5_1l5_w2" custom="readingOrder {index:1;}">
                    <Coords points="355,445 355,505 461,505 461,445"/>
                    <TextEquiv>
                        <Unicode>copia</Unicode>
                    </TextEquiv>
                </Word>
                <Word id="r_5_1l5_w3" custom="readingOrder {index:2;}">
                    <Coords points="479,443 479,503 602,503 602,443"/>
                    <TextEquiv>
                        <Unicode>haberi</Unicode>
                    </TextEquiv>
                </Word>
                <Word id="r_5_1l5_w4" custom="readingOrder {index:3;}">
                    <Coords points="620,442 620,502 754,502 754,442"/>
                    <TextEquiv>
                        <Unicode>potest.</Unicode>
                    </TextEquiv>
                </Word>
                <Word id="r_5_1l5_w5" custom="readingOrder {index:4;}">
                    <Coords points="766,440 766,500 805,500 805,440"/>
                    <TextEquiv>
                        <Unicode>In</Unicode>
                    </TextEquiv>
                </Word>
                <Word id="r_5_1l5_w6" custom="readingOrder {index:5;}">
                    <Coords points="822,439 822,499 884,499 884,439"/>
                    <TextEquiv>
                        <Unicode>usu</Unicode>
                    </TextEquiv>
                </Word>
                <Word id="r_5_1l5_w7" custom="readingOrder {index:6;}">
                    <Coords points="901,439 901,499 946,499 946,439"/>
                    <TextEquiv>
                        <Unicode>est</Unicode>
                    </TextEquiv>
                </Word>
                <Word id="r_5_1l5_w8" custom="readingOrder {index:7;}">
                    <Coords points="968,437 968,497 1086,497 1086,437"/>
                    <TextEquiv>
                        <Unicode>planta</Unicode>
                    </TextEquiv>
                </Word>
                <Word id="r_5_1l5_w9" custom="readingOrder {index:8;}">
                    <Coords points="1109,437 1109,497 1249,497 1249,437"/>
                    <TextEquiv>
                        <Unicode>univer¬</Unicode>
                    </TextEquiv>
                </Word>
                <TextEquiv>
                    <Unicode>ma copia haberi potest. In usu est planta univer¬</Unicode>
                </TextEquiv>
            </TextLine>
            <TextLine id="r_5_1l6" custom="readingOrder {index:6;}">
                <Coords points="263,550 1128,562 1243,536 1242,496 1185,484 262,493"/>
                <Baseline points="276,536 323,534 371,534 419,534 466,533 514,533 562,533 609,532 657,531 705,531 753,531 800,530 848,530 896,530 943,529 991,528 1039,528 1086,527 1134,527 1182,527 1230,525"/>
                <Word id="r_5_1l6_w1" custom="readingOrder {index:0;}">
                    <Coords points="269,495 269,555 321,555 321,495"/>
                    <TextEquiv>
                        <Unicode>sa,</Unicode>
                    </TextEquiv>
                </Word>
                <Word id="r_5_1l6_w2" custom="readingOrder {index:1;}">
                    <Coords points="334,494 334,554 487,554 487,494"/>
                    <TextEquiv>
                        <Unicode>quando</Unicode>
                    </TextEquiv>
                </Word>
                <Word id="r_5_1l6_w3" custom="readingOrder {index:2;}">
                    <Coords points="504,492 504,552 687,552 687,492"/>
                    <TextEquiv>
                        <Unicode>floruerit,</Unicode>
                    </TextEquiv>
                </Word>
                <Word id="r_5_1l6_w4" custom="readingOrder {index:3;}">
                    <Coords points="699,490 699,550 846,550 846,490"/>
                    <TextEquiv>
                        <Unicode>abjectis</Unicode>
                    </TextEquiv>
                </Word>
                <Word id="r_5_1l6_w5" custom="readingOrder {index:4;}">
                    <Coords points="858,488 858,548 1040,548 1040,488"/>
                    <TextEquiv>
                        <Unicode>radicibus</Unicode>
                    </TextEquiv>
                </Word>
                <Word id="r_5_1l6_w6" custom="readingOrder {index:5;}">
                    <Coords points="1064,487 1064,547 1099,547 1099,487"/>
                    <TextEquiv>
                        <Unicode>&amp;</Unicode>
                    </TextEquiv>
                </Word>
                <Word id="r_5_1l6_w7" custom="readingOrder {index:6;}">
                    <Coords points="1111,487 1111,547 1246,547 1246,487"/>
                    <TextEquiv>
                        <Unicode>stipiti¬</Unicode>
                    </TextEquiv>
                </Word>
                <TextEquiv>
                    <Unicode>sa, quando floruerit, abjectis radicibus &amp; stipiti¬</Unicode>
                </TextEquiv>
            </TextLine>
            <TextLine id="r_5_1l7" custom="readingOrder {index:7;}">
                <Coords points="270,608 300,615 322,595 362,590 412,604 445,591 465,601 620,595 619,550 507,541 467,551 447,541 404,552 394,542 367,560 342,547 269,550"/>
                <Baseline points="282,582 309,582 336,584 363,584 390,584 417,583 444,582 471,582 498,582 525,582 552,581 579,581 606,581"/>
                <Word id="r_5_1l7_w1" custom="readingOrder {index:0;}">
                    <Coords points="275,542 275,602 354,602 354,542"/>
                    <TextEquiv>
                        <Unicode>bus</Unicode>
                    </TextEquiv>
                </Word>
                <Word id="r_5_1l7_w2" custom="readingOrder {index:1;}">
                    <Coords points="370,542 370,602 618,602 618,542"/>
                    <TextEquiv>
                        <Unicode>durioribus.</Unicode>
                    </TextEquiv>
                </Word>
                <TextEquiv>
                    <Unicode>bus durioribus.</Unicode>
                </TextEquiv>
            </TextLine>
            <TextLine id="r_5_1l8" custom="readingOrder {index:8;}">
                <Coords points="328,644 825,636 928,666 993,636 1243,637 1242,560 1140,595 778,597 665,565 613,600 328,594"/>
                <Baseline points="339,633 383,633 428,632 472,632 517,632 561,632 606,630 650,630 695,630 739,629 784,629 829,629 873,629 918,629 962,629 1007,629 1051,629 1096,629 1140,629 1185,630 1230,630"/>
                <Word id="r_5_1l8_w1" custom="readingOrder {index:0;}">
                    <Coords points="324,592 324,652 611,652 611,592"/>
                    <TextEquiv>
                        <Unicode>HYPERICUM</Unicode>
                    </TextEquiv>
                </Word>
                <Word id="r_5_1l8_w2" custom="readingOrder {index:1;}">
                    <Coords points="638,589 638,649 785,649 785,589"/>
                    <TextEquiv>
                        <Unicode>(Germ.</Unicode>
                    </TextEquiv>
                </Word>
                <Word id="r_5_1l8_w3" custom="readingOrder {index:2;}">
                    <Coords points="798,589 798,649 891,649 891,589"/>
                    <TextEquiv>
                        <Unicode>Sant</Unicode>
                    </TextEquiv>
                </Word>
                <Word id="r_5_1l8_w4" custom="readingOrder {index:3;}">
                    <Coords points="905,589 905,649 1039,649 1039,589"/>
                    <TextEquiv>
                        <Unicode>Johans</Unicode>
                    </TextEquiv>
                </Word>
                <Word id="r_5_1l8_w5" custom="readingOrder {index:4;}">
                    <Coords points="1059,589 1059,649 1158,649 1158,589"/>
                    <TextEquiv>
                        <Unicode>traut.</Unicode>
                    </TextEquiv>
                </Word>
                <Word id="r_5_1l8_w6" custom="readingOrder {index:5;}">
                    <Coords points="1172,590 1172,650 1253,650 1253,590"/>
                    <TextEquiv>
                        <Unicode>Gal.</Unicode>
                    </TextEquiv>
                </Word>
                <TextEquiv>
                    <Unicode>HYPERICUM (Germ. Sant Johans kraut. Gal.</Unicode>
                </TextEquiv>
            </TextLine>
            <TextLine id="r_5_1l9" custom="readingOrder {index:9;} textStyle {offset:0; length:13;italic:true;}">
                <Coords points="276,696 1108,705 1256,684 1256,637 276,641"/>
                <Baseline points="287,683 334,683 382,681 430,681 478,681 525,681 573,680 621,680 669,680 716,680 764,680 812,680 860,680 907,680 955,680 1003,680 1051,678 1098,678 1146,678 1194,677 1242,677"/>
                <Word id="r_5_1l9_w1" custom="readingOrder {index:0;}">
                    <Coords points="277,643 277,703 375,703 375,643"/>
                    <TextEquiv>
                        <Unicode>Mille</Unicode>
                    </TextEquiv>
                </Word>
                <Word id="r_5_1l9_w2" custom="readingOrder {index:1;}">
                    <Coords points="387,641 387,701 542,701 542,641"/>
                    <TextEquiv>
                        <Unicode>pertuis.)</Unicode>
                    </TextEquiv>
                </Word>
                <Word id="r_5_1l9_w3" custom="readingOrder {index:2;}">
                    <Coords points="566,640 566,700 623,700 623,640"/>
                    <TextEquiv>
                        <Unicode>alii</Unicode>
                    </TextEquiv>
                </Word>
                <Word id="r_5_1l9_w4" custom="readingOrder {index:3;}">
                    <Coords points="641,640 641,700 936,700 936,640"/>
                    <TextEquiv>
                        <Unicode>androsaemon,</Unicode>
                    </TextEquiv>
                </Word>
                <Word id="r_5_1l9_w5" custom="readingOrder {index:4;}">
                    <Coords points="953,640 953,700 1017,700 1017,640"/>
                    <TextEquiv>
                        <Unicode>alii</Unicode>
                    </TextEquiv>
                </Word>
                <Word id="r_5_1l9_w6" custom="readingOrder {index:5;}">
                    <Coords points="1034,638 1034,698 1184,698 1184,638"/>
                    <TextEquiv>
                        <Unicode>corion,</Unicode>
                    </TextEquiv>
                </Word>
                <Word id="r_5_1l9_w7" custom="readingOrder {index:6;}">
                    <Coords points="1190,637 1190,697 1248,697 1248,637"/>
                    <TextEquiv>
                        <Unicode>alii</Unicode>
                    </TextEquiv>
                </Word>
                <TextEquiv>
                    <Unicode>Mille pertuis.) alii androsaemon, alii corion, alii</Unicode>
                </TextEquiv>
            </TextLine>
            <TextLine id="l_3" custom="readingOrder {index:10;}">
                <Coords points="1267,752 266,752 266,699 1267,694"/>
                <Baseline points="279,731 353,731 428,731 502,731 577,731 651,729 726,729 800,729 875,729 949,728 1024,728 1099,728 1173,728 1248,728 1267,728"/>
                <TextEquiv>
                    <Unicode>chamaepityn appellant, quoniam semen odore</Unicode>
                </TextEquiv>
            </TextLine>
            <TextEquiv>
                <Unicode></Unicode>
            </TextEquiv>
        </TextRegion>
        <TextRegion orientation="0.0" type="paragraph" id="r_8_1" custom="readingOrder {index:4;} structure {type:paragraph;}">
            <Coords points="253,738 1252,738 1252,3289 253,3289"/>
            <TextLine id="r_8_1l1" custom="readingOrder {index:0;}">
                <Coords points="265,799 1248,798 1222,736 265,744"/>
                <Baseline points="278,780 325,780 373,780 421,780 469,780 517,780 565,780 613,780 661,779 709,779 757,779 804,779 852,779 900,779 948,779 996,779 1044,779 1092,777 1140,777 1188,777 1236,777"/>
                <Word id="r_8_1l1_w1" custom="readingOrder {index:0;}">
                    <Coords points="271,740 271,800 445,800 445,740"/>
                    <TextEquiv>
                        <Unicode>resinam</Unicode>
                    </TextEquiv>
                </Word>
                <Word id="r_8_1l1_w2" custom="readingOrder {index:1;}">
                    <Coords points="461,740 461,800 630,800 630,740"/>
                    <TextEquiv>
                        <Unicode>imitatur:</Unicode>
                    </TextEquiv>
                </Word>
                <Word id="r_8_1l1_w3" custom="readingOrder {index:2;}">
                    <Coords points="641,739 641,799 848,799 848,739"/>
                    <TextEquiv>
                        <Unicode>surculaceo</Unicode>
                    </TextEquiv>
                </Word>
                <Word id="r_8_1l1_w4" custom="readingOrder {index:3;}">
                    <Coords points="870,739 870,799 1006,799 1006,739"/>
                    <TextEquiv>
                        <Unicode>frutice,</Unicode>
                    </TextEquiv>
                </Word>
                <Word id="r_8_1l1_w5" custom="readingOrder {index:4;}">
                    <Coords points="1017,737 1017,797 1246,797 1246,737"/>
                    <TextEquiv>
                        <Unicode>dodrantali,</Unicode>
                    </TextEquiv>
                </Word>
                <TextEquiv>
                    <Unicode>resinam imitatur: surculaceo frutice, dodrantali,</Unicode>
                </TextEquiv>
            </TextLine>
            <TextLine id="r_8_1l2" custom="readingOrder {index:1;}">
                <Coords points="272,841 1242,845 1242,793 272,798"/>
                <Baseline points="285,831 332,831 379,830 426,830 474,830 521,830 568,830 615,830 663,830 710,828 757,828 804,828 852,828 899,828 946,827 993,827 1041,827 1088,827 1135,827 1182,825 1230,825"/>
                <Word id="r_8_1l2_w1" custom="readingOrder {index:0;}">
                    <Coords points="277,790 277,850 517,850 517,790"/>
                    <TextEquiv>
                        <Unicode>rubescente:</Unicode>
                    </TextEquiv>
                </Word>
                <Word id="r_8_1l2_w2" custom="readingOrder {index:1;}">
                    <Coords points="538,790 538,850 628,850 628,790"/>
                    <TextEquiv>
                        <Unicode>folio</Unicode>
                    </TextEquiv>
                </Word>
                <Word id="r_8_1l2_w3" custom="readingOrder {index:2;}">
                    <Coords points="650,788 650,848 751,848 751,788"/>
                    <TextEquiv>
                        <Unicode>rutae,</Unicode>
                    </TextEquiv>
                </Word>
                <Word id="r_8_1l2_w4" custom="readingOrder {index:3;}">
                    <Coords points="762,788 762,848 847,848 847,788"/>
                    <TextEquiv>
                        <Unicode>flore</Unicode>
                    </TextEquiv>
                </Word>
                <Word id="r_8_1l2_w5" custom="readingOrder {index:4;}">
                    <Coords points="862,787 862,847 958,847 958,787"/>
                    <TextEquiv>
                        <Unicode>luteo</Unicode>
                    </TextEquiv>
                </Word>
                <Word id="r_8_1l2_w6" custom="readingOrder {index:5;}">
                    <Coords points="980,787 980,847 1123,847 1123,787"/>
                    <TextEquiv>
                        <Unicode>leucoio</Unicode>
                    </TextEquiv>
                </Word>
                <Word id="r_8_1l2_w7" custom="readingOrder {index:6;}">
                    <Coords points="1145,785 1145,845 1246,845 1246,785"/>
                    <TextEquiv>
                        <Unicode>simi¬</Unicode>
                    </TextEquiv>
                </Word>
                <TextEquiv>
                    <Unicode>rubescente: folio rutae, flore luteo leucoio simi¬</Unicode>
                </TextEquiv>
            </TextLine>
            <TextLine id="r_8_1l3" custom="readingOrder {index:2;}">
                <Coords points="266,896 1239,889 1238,837 1198,834 266,838"/>
                <Baseline points="279,882 326,882 373,881 421,880 468,879 515,879 563,878 610,878 657,878 705,878 752,878 799,878 847,876 894,876 941,876 989,876 1036,876 1083,876 1131,876 1178,875 1226,875"/>
                <Word id="r_8_1l3_w1" custom="readingOrder {index:0;}">
                    <Coords points="273,842 273,902 319,902 319,842"/>
                    <TextEquiv>
                        <Unicode>li,</Unicode>
                    </TextEquiv>
                </Word>
                <Word id="r_8_1l3_w2" custom="readingOrder {index:1;}">
                    <Coords points="331,841 331,901 390,901 390,841"/>
                    <TextEquiv>
                        <Unicode>qui</Unicode>
                    </TextEquiv>
                </Word>
                <Word id="r_8_1l3_w3" custom="readingOrder {index:2;}">
                    <Coords points="407,839 407,899 524,899 524,839"/>
                    <TextEquiv>
                        <Unicode>digitis</Unicode>
                    </TextEquiv>
                </Word>
                <Word id="r_8_1l3_w4" custom="readingOrder {index:3;}">
                    <Coords points="541,838 541,898 681,898 681,838"/>
                    <TextEquiv>
                        <Unicode>attritus</Unicode>
                    </TextEquiv>
                </Word>
                <Word id="r_8_1l3_w5" custom="readingOrder {index:4;}">
                    <Coords points="699,837 699,897 939,897 939,837"/>
                    <TextEquiv>
                        <Unicode>sanguineum</Unicode>
                    </TextEquiv>
                </Word>
                <Word id="r_8_1l3_w6" custom="readingOrder {index:5;}">
                    <Coords points="956,836 956,896 1102,896 1102,836"/>
                    <TextEquiv>
                        <Unicode>succum</Unicode>
                    </TextEquiv>
                </Word>
                <Word id="r_8_1l3_w7" custom="readingOrder {index:6;}">
                    <Coords points="1119,835 1119,895 1242,895 1242,835"/>
                    <TextEquiv>
                        <Unicode>remit¬</Unicode>
                    </TextEquiv>
                </Word>
                <TextEquiv>
                    <Unicode>li, qui digitis attritus sanguineum succum remit¬</Unicode>
                </TextEquiv>
            </TextLine>
            <TextLine id="r_8_1l4" custom="readingOrder {index:3;}">
                <Coords points="281,941 1254,940 1253,892 1208,887 281,898"/>
                <Baseline points="294,932 341,931 388,930 436,930 483,930 531,930 578,929 625,929 673,929 720,928 768,927 815,927 862,927 910,927 957,926 1005,926 1052,926 1099,926 1147,926 1194,926 1242,926"/>
                <Word id="r_8_1l4_w1" custom="readingOrder {index:0;}">
                    <Coords points="281,891 281,951 343,951 343,891"/>
                    <TextEquiv>
                        <Unicode>tit,</Unicode>
                    </TextEquiv>
                </Word>
                <Word id="r_8_1l4_w2" custom="readingOrder {index:1;}">
                    <Coords points="360,890 360,950 433,950 433,890"/>
                    <TextEquiv>
                        <Unicode>qua</Unicode>
                    </TextEquiv>
                </Word>
                <Word id="r_8_1l4_w3" custom="readingOrder {index:2;}">
                    <Coords points="459,890 459,950 496,950 496,890"/>
                    <TextEquiv>
                        <Unicode>ex</Unicode>
                    </TextEquiv>
                </Word>
                <Word id="r_8_1l4_w4" custom="readingOrder {index:3;}">
                    <Coords points="517,889 517,949 617,949 617,889"/>
                    <TextEquiv>
                        <Unicode>causa</Unicode>
                    </TextEquiv>
                </Word>
                <Word id="r_8_1l4_w5" custom="readingOrder {index:4;}">
                    <Coords points="643,887 643,947 916,947 916,887"/>
                    <TextEquiv>
                        <Unicode>androsaemon</Unicode>
                    </TextEquiv>
                </Word>
                <Word id="r_8_1l4_w6" custom="readingOrder {index:5;}">
                    <Coords points="937,886 937,946 1252,946 1252,886"/>
                    <TextEquiv>
                        <Unicode>cognominatur:</Unicode>
                    </TextEquiv>
                </Word>
                <TextEquiv>
                    <Unicode>tit, qua ex causa androsaemon cognominatur:</Unicode>
                </TextEquiv>
            </TextLine>
            <TextLine id="r_8_1l5" custom="readingOrder {index:4;}">
                <Coords points="269,996 1242,981 1242,954 1154,935 269,941"/>
                <Baseline points="281,980 328,980 375,980 423,980 470,980 518,980 565,980 613,980 660,978 708,978 755,978 802,978 850,977 897,977 945,977 992,976 1040,975 1087,975 1135,975 1182,975 1230,975"/>
                <Word id="r_8_1l5_w1" custom="readingOrder {index:0;}">
                    <Coords points="281,940 281,1000 481,1000 481,940"/>
                    <TextEquiv>
                        <Unicode>subhirsuta</Unicode>
                    </TextEquiv>
                </Word>
                <Word id="r_8_1l5_w2" custom="readingOrder {index:1;}">
                    <Coords points="503,940 503,1000 652,1000 652,940"/>
                    <TextEquiv>
                        <Unicode>siliqua,</Unicode>
                    </TextEquiv>
                </Word>
                <Word id="r_8_1l5_w3" custom="readingOrder {index:2;}">
                    <Coords points="669,938 669,998 709,998 709,938"/>
                    <TextEquiv>
                        <Unicode>&amp;</Unicode>
                    </TextEquiv>
                </Word>
                <Word id="r_8_1l5_w4" custom="readingOrder {index:3;}">
                    <Coords points="720,938 720,998 755,998 755,938"/>
                    <TextEquiv>
                        <Unicode>in</Unicode>
                    </TextEquiv>
                </Word>
                <Word id="r_8_1l5_w5" custom="readingOrder {index:4;}">
                    <Coords points="772,937 772,997 937,997 937,937"/>
                    <TextEquiv>
                        <Unicode>rotundo</Unicode>
                    </TextEquiv>
                </Word>
                <Word id="r_8_1l5_w6" custom="readingOrder {index:5;}">
                    <Coords points="960,935 960,995 1143,995 1143,935"/>
                    <TextEquiv>
                        <Unicode>oblonga,</Unicode>
                    </TextEquiv>
                </Word>
                <Word id="r_8_1l5_w7" custom="readingOrder {index:6;}">
                    <Coords points="1154,935 1154,995 1245,995 1245,935"/>
                    <TextEquiv>
                        <Unicode>hor¬</Unicode>
                    </TextEquiv>
                </Word>
                <TextEquiv>
                    <Unicode>subhirsuta siliqua, &amp; in rotundo oblonga, hor¬</Unicode>
                </TextEquiv>
            </TextLine>
            <TextLine id="r_8_1l6" custom="readingOrder {index:5;}">
                <Coords points="276,1051 1256,1046 1255,978 275,999"/>
                <Baseline points="287,1031 334,1029 382,1029 430,1029 478,1029 525,1028 573,1028 621,1028 669,1028 716,1026 764,1026 812,1026 860,1026 907,1026 955,1026 1003,1026 1051,1025 1098,1025 1146,1025 1194,1025 1242,1026"/>
                <Word id="r_8_1l6_w1" custom="readingOrder {index:0;}">
                    <Coords points="282,989 282,1049 345,1049 345,989"/>
                    <TextEquiv>
                        <Unicode>dei</Unicode>
                    </TextEquiv>
                </Word>
                <Word id="r_8_1l6_w2" custom="readingOrder {index:1;}">
                    <Coords points="363,988 363,1048 654,1048 654,988"/>
                    <TextEquiv>
                        <Unicode>magnitudine:</Unicode>
                    </TextEquiv>
                </Word>
                <Word id="r_8_1l6_w3" custom="readingOrder {index:2;}">
                    <Coords points="677,986 677,1046 817,1046 817,986"/>
                    <TextEquiv>
                        <Unicode>semine</Unicode>
                    </TextEquiv>
                </Word>
                <Word id="r_8_1l6_w4" custom="readingOrder {index:3;}">
                    <Coords points="835,986 835,1046 934,1046 934,986"/>
                    <TextEquiv>
                        <Unicode>intùs</Unicode>
                    </TextEquiv>
                </Word>
                <Word id="r_8_1l6_w5" custom="readingOrder {index:4;}">
                    <Coords points="963,985 963,1045 1067,1045 1067,985"/>
                    <TextEquiv>
                        <Unicode>nigro</Unicode>
                    </TextEquiv>
                </Word>
                <Word id="r_8_1l6_w6" custom="readingOrder {index:5;}">
                    <Coords points="1091,985 1091,1045 1242,1045 1242,985"/>
                    <TextEquiv>
                        <Unicode>resinosi</Unicode>
                    </TextEquiv>
                </Word>
                <TextEquiv>
                    <Unicode>dei magnitudine: semine intùs nigro resinosi</Unicode>
                </TextEquiv>
            </TextLine>
            <TextLine id="r_8_1l7" custom="readingOrder {index:6;}">
                <Coords points="277,1094 1147,1100 1247,1085 1247,1047 277,1049"/>
                <Baseline points="290,1080 337,1080 384,1079 431,1079 479,1079 526,1077 573,1077 620,1077 668,1077 715,1076 762,1076 809,1076 857,1076 904,1076 951,1076 998,1076 1046,1076 1093,1076 1140,1076 1187,1076 1235,1076"/>
                <Word id="r_8_1l7_w1" custom="readingOrder {index:0;}">
                    <Coords points="278,1039 278,1099 439,1099 439,1039"/>
                    <TextEquiv>
                        <Unicode>odoris.</Unicode>
                    </TextEquiv>
                </Word>
                <Word id="r_8_1l7_w2" custom="readingOrder {index:1;}">
                    <Coords points="450,1039 450,1099 477,1099 477,1039"/>
                    <TextEquiv>
                        <Unicode>*</Unicode>
                    </TextEquiv>
                </Word>
                <Word id="r_8_1l7_w3" custom="readingOrder {index:2;}">
                    <Coords points="489,1037 489,1097 650,1097 650,1037"/>
                    <TextEquiv>
                        <Unicode>Urinam</Unicode>
                    </TextEquiv>
                </Word>
                <Word id="r_8_1l7_w4" custom="readingOrder {index:3;}">
                    <Coords points="667,1036 667,1096 722,1096 722,1036"/>
                    <TextEquiv>
                        <Unicode>cit,</Unicode>
                    </TextEquiv>
                </Word>
                <Word id="r_8_1l7_w5" custom="readingOrder {index:4;}">
                    <Coords points="734,1036 734,1096 917,1096 917,1036"/>
                    <TextEquiv>
                        <Unicode>menstrua</Unicode>
                    </TextEquiv>
                </Word>
                <Word id="r_8_1l7_w6" custom="readingOrder {index:5;}">
                    <Coords points="939,1036 939,1096 1033,1096 1033,1036"/>
                    <TextEquiv>
                        <Unicode>pellit</Unicode>
                    </TextEquiv>
                </Word>
                <Word id="r_8_1l7_w7" custom="readingOrder {index:6;}">
                    <Coords points="1051,1036 1051,1096 1245,1096 1245,1036"/>
                    <TextEquiv>
                        <Unicode>appositum:</Unicode>
                    </TextEquiv>
                </Word>
                <TextEquiv>
                    <Unicode>odoris. * Urinam cit, menstrua pellit appositum:</Unicode>
                </TextEquiv>
            </TextLine>
            <TextLine id="r_8_1l8" custom="readingOrder {index:7;}">
                <Coords points="284,1138 1144,1148 1244,1135 1244,1095 284,1096"/>
                <Baseline points="296,1130 342,1130 389,1130 436,1128 483,1128 530,1128 576,1127 623,1127 670,1127 717,1125 764,1125 810,1125 857,1125 904,1125 951,1124 998,1124 1044,1124 1091,1125 1138,1125 1185,1125 1232,1127"/>
                <Word id="r_8_1l8_w1" custom="readingOrder {index:0;}">
                    <Coords points="284,1090 284,1150 466,1150 466,1090"/>
                    <TextEquiv>
                        <Unicode>tertianis,</Unicode>
                    </TextEquiv>
                </Word>
                <Word id="r_8_1l8_w2" custom="readingOrder {index:1;}">
                    <Coords points="482,1087 482,1147 718,1147 718,1087"/>
                    <TextEquiv>
                        <Unicode>quartanisque</Unicode>
                    </TextEquiv>
                </Word>
                <Word id="r_8_1l8_w3" custom="readingOrder {index:2;}">
                    <Coords points="734,1085 734,1145 819,1145 819,1085"/>
                    <TextEquiv>
                        <Unicode>cum</Unicode>
                    </TextEquiv>
                </Word>
                <Word id="r_8_1l8_w4" custom="readingOrder {index:3;}">
                    <Coords points="841,1085 841,1145 926,1145 926,1085"/>
                    <TextEquiv>
                        <Unicode>vino</Unicode>
                    </TextEquiv>
                </Word>
                <Word id="r_8_1l8_w5" custom="readingOrder {index:4;}">
                    <Coords points="948,1084 948,1144 1082,1144 1082,1084"/>
                    <TextEquiv>
                        <Unicode>potum</Unicode>
                    </TextEquiv>
                </Word>
                <Word id="r_8_1l8_w6" custom="readingOrder {index:5;}">
                    <Coords points="1103,1085 1103,1145 1248,1145 1248,1085"/>
                    <TextEquiv>
                        <Unicode>liberat.</Unicode>
                    </TextEquiv>
                </Word>
                <TextEquiv>
                    <Unicode>tertianis, quartanisque cum vino potum liberat.</Unicode>
                </TextEquiv>
            </TextLine>
            <TextLine id="r_8_1l9" custom="readingOrder {index:8;}">
                <Coords points="278,1198 1245,1189 1245,1137 278,1138"/>
                <Baseline points="290,1178 337,1178 384,1179 431,1179 478,1179 525,1178 572,1178 619,1178 666,1176 713,1176 761,1176 808,1175 855,1175 902,1173 949,1173 996,1173 1043,1173 1090,1173 1137,1175 1184,1175 1232,1176"/>
                <Word id="r_8_1l9_w1" custom="readingOrder {index:0;}">
                    <Coords points="279,1138 279,1198 423,1198 423,1138"/>
                    <TextEquiv>
                        <Unicode>Semen</Unicode>
                    </TextEquiv>
                </Word>
                <Word id="r_8_1l9_w2" custom="readingOrder {index:1;}">
                    <Coords points="440,1138 440,1198 680,1198 680,1138"/>
                    <TextEquiv>
                        <Unicode>quadraginta</Unicode>
                    </TextEquiv>
                </Word>
                <Word id="r_8_1l9_w3" custom="readingOrder {index:2;}">
                    <Coords points="702,1135 702,1195 825,1195 825,1135"/>
                    <TextEquiv>
                        <Unicode>diebus</Unicode>
                    </TextEquiv>
                </Word>
                <Word id="r_8_1l9_w4" custom="readingOrder {index:3;}">
                    <Coords points="841,1133 841,1193 1026,1193 1026,1133"/>
                    <TextEquiv>
                        <Unicode>haustum,</Unicode>
                    </TextEquiv>
                </Word>
                <Word id="r_8_1l9_w5" custom="readingOrder {index:4;}">
                    <Coords points="1037,1135 1037,1195 1243,1195 1243,1135"/>
                    <TextEquiv>
                        <Unicode>ischiadicis</Unicode>
                    </TextEquiv>
                </Word>
                <TextEquiv>
                    <Unicode>Semen quadraginta diebus haustum, ischiadicis</Unicode>
                </TextEquiv>
            </TextLine>
            <TextLine id="r_8_1l10" custom="readingOrder {index:9;}">
                <Coords points="265,1256 1248,1235 1205,1182 265,1193"/>
                <Baseline points="279,1230 326,1229 374,1229 422,1229 470,1227 518,1227 566,1227 613,1227 661,1226 709,1226 757,1226 805,1226 853,1226 901,1224 948,1224 996,1224 1044,1224 1092,1224 1140,1224 1188,1224 1236,1224"/>
                <Word id="r_8_1l10_w1" custom="readingOrder {index:0;}">
                    <Coords points="276,1189 276,1249 473,1249 473,1189"/>
                    <TextEquiv>
                        <Unicode>medetur.</Unicode>
                    </TextEquiv>
                </Word>
                <Word id="r_8_1l10_w2" custom="readingOrder {index:1;}">
                    <Coords points="495,1187 495,1247 599,1247 599,1187"/>
                    <TextEquiv>
                        <Unicode>Folia</Unicode>
                    </TextEquiv>
                </Word>
                <Word id="r_8_1l10_w3" custom="readingOrder {index:2;}">
                    <Coords points="622,1186 622,1246 703,1246 703,1186"/>
                    <TextEquiv>
                        <Unicode>cum</Unicode>
                    </TextEquiv>
                </Word>
                <Word id="r_8_1l10_w4" custom="readingOrder {index:3;}">
                    <Coords points="726,1186 726,1246 857,1246 857,1186"/>
                    <TextEquiv>
                        <Unicode>semine</Unicode>
                    </TextEquiv>
                </Word>
                <Word id="r_8_1l10_w5" custom="readingOrder {index:4;}">
                    <Coords points="884,1184 884,1244 989,1244 989,1184"/>
                    <TextEquiv>
                        <Unicode>illita,</Unicode>
                    </TextEquiv>
                </Word>
                <Word id="r_8_1l10_w6" custom="readingOrder {index:5;}">
                    <Coords points="1011,1184 1011,1244 1181,1244 1181,1184"/>
                    <TextEquiv>
                        <Unicode>ambusta</Unicode>
                    </TextEquiv>
                </Word>
                <Word id="r_8_1l10_w7" custom="readingOrder {index:6;}">
                    <Coords points="1197,1184 1197,1244 1251,1244 1251,1184"/>
                    <TextEquiv>
                        <Unicode>sa¬</Unicode>
                    </TextEquiv>
                </Word>
                <TextEquiv>
                    <Unicode>medetur. Folia cum semine illita, ambusta sa¬</Unicode>
                </TextEquiv>
            </TextLine>
            <TextLine id="r_8_1l11" custom="readingOrder {index:10;}">
                <Coords points="275,1296 1258,1303 1240,1228 275,1251"/>
                <Baseline points="287,1278 334,1278 382,1278 430,1278 478,1278 526,1278 574,1277 621,1277 669,1277 717,1277 765,1275 813,1275 861,1275 909,1275 956,1274 1004,1274 1052,1274 1100,1274 1148,1274 1196,1274 1244,1274"/>
                <Word id="r_8_1l11_w1" custom="readingOrder {index:0;}">
                    <Coords points="282,1238 282,1298 390,1298 390,1238"/>
                    <TextEquiv>
                        <Unicode>nant.</Unicode>
                    </TextEquiv>
                </Word>
                <Word id="r_8_1l11_w2" custom="readingOrder {index:1;}">
                    <Coords points="407,1238 407,1298 572,1298 572,1238"/>
                    <TextEquiv>
                        <Unicode>Nascitur</Unicode>
                    </TextEquiv>
                </Word>
                <Word id="r_8_1l11_w3" custom="readingOrder {index:2;}">
                    <Coords points="589,1237 589,1297 617,1297 617,1237"/>
                    <TextEquiv>
                        <Unicode>in</Unicode>
                    </TextEquiv>
                </Word>
                <Word id="r_8_1l11_w4" custom="readingOrder {index:3;}">
                    <Coords points="634,1237 634,1297 726,1297 726,1237"/>
                    <TextEquiv>
                        <Unicode>locis</Unicode>
                    </TextEquiv>
                </Word>
                <Word id="r_8_1l11_w5" custom="readingOrder {index:4;}">
                    <Coords points="743,1235 743,1295 840,1295 840,1235"/>
                    <TextEquiv>
                        <Unicode>cultis</Unicode>
                    </TextEquiv>
                </Word>
                <Word id="r_8_1l11_w6" custom="readingOrder {index:5;}">
                    <Coords points="862,1235 862,1295 897,1295 897,1235"/>
                    <TextEquiv>
                        <Unicode>&amp;</Unicode>
                    </TextEquiv>
                </Word>
                <Word id="r_8_1l11_w7" custom="readingOrder {index:6;}">
                    <Coords points="908,1234 908,1294 1056,1294 1056,1234"/>
                    <TextEquiv>
                        <Unicode>asperis.</Unicode>
                    </TextEquiv>
                </Word>
                <Word id="r_8_1l11_w8" custom="readingOrder {index:7;}">
                    <Coords points="1085,1234 1085,1294 1244,1294 1244,1234"/>
                    <TextEquiv>
                        <Unicode>Colligi.</Unicode>
                    </TextEquiv>
                </Word>
                <TextEquiv>
                    <Unicode>nant. Nascitur in locis cultis &amp; asperis. Colligi¬</Unicode>
                </TextEquiv>
            </TextLine>
            <TextLine id="r_8_1l12" custom="readingOrder {index:11;}">
                <Coords points="269,1346 1254,1346 1254,1301 1119,1279 269,1291"/>
                <Baseline points="281,1328 329,1329 377,1329 425,1329 473,1328 521,1328 569,1328 617,1328 665,1327 713,1326 761,1326 809,1326 857,1325 905,1325 953,1325 1001,1325 1049,1325 1097,1325 1145,1325 1193,1325 1242,1326"/>
                <Word id="r_8_1l12_w1" custom="readingOrder {index:0;}">
                    <Coords points="275,1288 275,1348 338,1348 338,1288"/>
                    <TextEquiv>
                        <Unicode>tur</Unicode>
                    </TextEquiv>
                </Word>
                <Word id="r_8_1l12_w2" custom="readingOrder {index:1;}">
                    <Coords points="354,1289 354,1349 478,1349 478,1289"/>
                    <TextEquiv>
                        <Unicode>mense</Unicode>
                    </TextEquiv>
                </Word>
                <Word id="r_8_1l12_w3" custom="readingOrder {index:2;}">
                    <Coords points="501,1288 501,1348 614,1348 614,1288"/>
                    <TextEquiv>
                        <Unicode>Junii:</Unicode>
                    </TextEquiv>
                </Word>
                <Word id="r_8_1l12_w4" custom="readingOrder {index:3;}">
                    <Coords points="631,1286 631,1346 868,1346 868,1286"/>
                    <TextEquiv>
                        <Unicode>conservatur</Unicode>
                    </TextEquiv>
                </Word>
                <Word id="r_8_1l12_w5" custom="readingOrder {index:4;}">
                    <Coords points="885,1285 885,1345 1003,1345 1003,1285"/>
                    <TextEquiv>
                        <Unicode>autem</Unicode>
                    </TextEquiv>
                </Word>
                <Word id="r_8_1l12_w6" custom="readingOrder {index:5;}">
                    <Coords points="1026,1285 1026,1345 1257,1345 1257,1285"/>
                    <TextEquiv>
                        <Unicode>perannum.</Unicode>
                    </TextEquiv>
                </Word>
                <TextEquiv>
                    <Unicode>tur mense Junii: conservatur autem perannum.</Unicode>
                </TextEquiv>
            </TextLine>
            <TextLine id="r_8_1l13" custom="readingOrder {index:12;} textStyle {offset:0; length:11;italic:true;}">
                <Coords points="281,1414 316,1412 346,1389 388,1394 428,1386 456,1394 488,1386 498,1396 518,1389 518,1359 458,1339 411,1347 353,1347 343,1337 281,1342"/>
                <Baseline points="293,1380 319,1378 346,1377 372,1376 399,1376 426,1376 452,1377 479,1377 506,1380"/>
                <Word id="r_8_1l13_w1" custom="readingOrder {index:0;}">
                    <Coords points="281,1336 281,1396 516,1396 516,1336"/>
                    <TextEquiv>
                        <Unicode>Dioscorides.</Unicode>
                    </TextEquiv>
                </Word>
                <TextEquiv>
                    <Unicode>Dioscorides.</Unicode>
                </TextEquiv>
            </TextLine>
            <TextLine id="r_8_1l14" custom="readingOrder {index:13;}">
                <Coords points="328,1443 1245,1454 1255,1358 927,1385 587,1357 500,1395 327,1396"/>
                <Baseline points="341,1425 386,1427 431,1427 476,1427 521,1427 566,1427 611,1425 656,1425 701,1425 746,1425 791,1424 836,1424 881,1424 926,1422 971,1422 1016,1422 1061,1422 1106,1423 1151,1424 1196,1424 1242,1425"/>
                <Word id="r_8_1l14_w1" custom="readingOrder {index:0;}">
                    <Coords points="337,1385 337,1445 384,1445 384,1385"/>
                    <TextEquiv>
                        <Unicode>De</Unicode>
                    </TextEquiv>
                </Word>
                <Word id="r_8_1l14_w2" custom="readingOrder {index:1;}">
                    <Coords points="398,1387 398,1447 576,1447 576,1387"/>
                    <TextEquiv>
                        <Unicode>Hyperico,</Unicode>
                    </TextEquiv>
                </Word>
                <Word id="r_8_1l14_w3" custom="readingOrder {index:2;}">
                    <Coords points="596,1385 596,1445 698,1445 698,1385"/>
                    <TextEquiv>
                        <Unicode>quod</Unicode>
                    </TextEquiv>
                </Word>
                <Word id="r_8_1l14_w4" custom="readingOrder {index:3;}">
                    <Coords points="719,1384 719,1444 828,1444 828,1384"/>
                    <TextEquiv>
                        <Unicode>vulgò</Unicode>
                    </TextEquiv>
                </Word>
                <Word id="r_8_1l14_w5" custom="readingOrder {index:4;}">
                    <Coords points="848,1382 848,1442 984,1442 984,1382"/>
                    <TextEquiv>
                        <Unicode>vocant</Unicode>
                    </TextEquiv>
                </Word>
                <Word id="r_8_1l14_w6" custom="readingOrder {index:5;}">
                    <Coords points="1005,1383 1005,1443 1243,1443 1243,1383"/>
                    <TextEquiv>
                        <Unicode>Perforatam,</Unicode>
                    </TextEquiv>
                </Word>
                <TextEquiv>
                    <Unicode>De Hyperico, quod vulgò vocant Perforatam,</Unicode>
                </TextEquiv>
            </TextLine>
            <TextLine id="r_8_1l15" custom="readingOrder {index:14;}">
                <Coords points="267,1488 1222,1488 1249,1447 266,1441"/>
                <Baseline points="279,1478 326,1478 374,1476 422,1476 470,1476 518,1476 566,1475 613,1475 661,1475 709,1473 757,1473 805,1473 853,1473 901,1473 948,1472 996,1472 1044,1472 1092,1472 1140,1472 1188,1473 1236,1473"/>
                <Word id="r_8_1l15_w1" custom="readingOrder {index:0;}">
                    <Coords points="266,1436 266,1496 477,1496 477,1436"/>
                    <TextEquiv>
                        <Unicode>secundum</Unicode>
                    </TextEquiv>
                </Word>
                <Word id="r_8_1l15_w2" custom="readingOrder {index:1;}">
                    <Coords points="498,1435 498,1495 630,1495 630,1435"/>
                    <TextEquiv>
                        <Unicode>Galeni</Unicode>
                    </TextEquiv>
                </Word>
                <Word id="r_8_1l15_w3" custom="readingOrder {index:2;}">
                    <Coords points="640,1433 640,1493 857,1493 857,1433"/>
                    <TextEquiv>
                        <Unicode>sententiam</Unicode>
                    </TextEquiv>
                </Word>
                <Word id="r_8_1l15_w4" custom="readingOrder {index:3;}">
                    <Coords points="878,1432 878,1492 952,1492 952,1432"/>
                    <TextEquiv>
                        <Unicode>cap.</Unicode>
                    </TextEquiv>
                </Word>
                <Word id="r_8_1l15_w5" custom="readingOrder {index:4;}">
                    <Coords points="963,1432 963,1492 1005,1492 1005,1432"/>
                    <TextEquiv>
                        <Unicode>15.</Unicode>
                    </TextEquiv>
                </Word>
                <Word id="r_8_1l15_w6" custom="readingOrder {index:5;}">
                    <Coords points="1010,1432 1010,1492 1068,1492 1068,1432"/>
                    <TextEquiv>
                        <Unicode>lib.</Unicode>
                    </TextEquiv>
                </Word>
                <Word id="r_8_1l15_w7" custom="readingOrder {index:6;}">
                    <Coords points="1079,1432 1079,1492 1100,1492 1100,1432"/>
                    <TextEquiv>
                        <Unicode>1.</Unicode>
                    </TextEquiv>
                </Word>
                <Word id="r_8_1l15_w8" custom="readingOrder {index:7;}">
                    <Coords points="1111,1432 1111,1492 1153,1492 1153,1432"/>
                    <TextEquiv>
                        <Unicode>de</Unicode>
                    </TextEquiv>
                </Word>
                <Word id="r_8_1l15_w9" custom="readingOrder {index:8;}">
                    <Coords points="1173,1433 1173,1493 1247,1493 1247,1433"/>
                    <TextEquiv>
                        <Unicode>An¬</Unicode>
                    </TextEquiv>
                </Word>
                <TextEquiv>
                    <Unicode>secundum Galeni sententiam cap. 15. lib. 1. de An¬</Unicode>
                </TextEquiv>
            </TextLine>
            <TextLine id="r_8_1l16" custom="readingOrder {index:15;}">
                <Coords points="271,1539 1229,1540 1246,1480 271,1491"/>
                <Baseline points="284,1526 331,1526 378,1526 426,1526 473,1526 521,1526 568,1526 616,1526 663,1524 711,1524 758,1524 805,1523 853,1523 900,1523 948,1523 995,1523 1043,1523 1090,1523 1138,1523 1185,1524 1233,1524"/>
                <Word id="r_8_1l16_w1" custom="readingOrder {index:0;}">
                    <Coords points="277,1486 277,1546 397,1546 397,1486"/>
                    <TextEquiv>
                        <Unicode>tidot.</Unicode>
                    </TextEquiv>
                </Word>
                <Word id="r_8_1l16_w2" custom="readingOrder {index:1;}">
                    <Coords points="408,1486 408,1546 664,1546 664,1486"/>
                    <TextEquiv>
                        <Unicode>accipiendum</Unicode>
                    </TextEquiv>
                </Word>
                <Word id="r_8_1l16_w3" custom="readingOrder {index:2;}">
                    <Coords points="681,1484 681,1544 725,1544 725,1484"/>
                    <TextEquiv>
                        <Unicode>est</Unicode>
                    </TextEquiv>
                </Word>
                <Word id="r_8_1l16_w4" custom="readingOrder {index:3;}">
                    <Coords points="747,1483 747,1543 867,1543 867,1483"/>
                    <TextEquiv>
                        <Unicode>semen</Unicode>
                    </TextEquiv>
                </Word>
                <Word id="r_8_1l16_w5" custom="readingOrder {index:4;}">
                    <Coords points="889,1483 889,1543 954,1543 954,1483"/>
                    <TextEquiv>
                        <Unicode>unà</Unicode>
                    </TextEquiv>
                </Word>
                <Word id="r_8_1l16_w6" custom="readingOrder {index:5;}">
                    <Coords points="977,1483 977,1543 1058,1543 1058,1483"/>
                    <TextEquiv>
                        <Unicode>cum</Unicode>
                    </TextEquiv>
                </Word>
                <Word id="r_8_1l16_w7" custom="readingOrder {index:6;}">
                    <Coords points="1069,1483 1069,1543 1249,1543 1249,1483"/>
                    <TextEquiv>
                        <Unicode>virgultis,</Unicode>
                    </TextEquiv>
                </Word>
                <TextEquiv>
                    <Unicode>tidot. accipiendum est semen unà cum virgultis,</Unicode>
                </TextEquiv>
            </TextLine>
            <TextLine id="r_8_1l17" custom="readingOrder {index:16;}">
                <Coords points="268,1586 1246,1595 1216,1530 268,1539"/>
                <Baseline points="281,1574 328,1574 376,1574 423,1575 471,1575 519,1575 566,1575 614,1574 661,1574 709,1574 757,1574 804,1574 852,1572 899,1572 947,1572 995,1572 1042,1572 1090,1572 1137,1572 1185,1572 1233,1572"/>
                <Word id="r_8_1l17_w1" custom="readingOrder {index:0;}">
                    <Coords points="275,1534 275,1594 380,1594 380,1534"/>
                    <TextEquiv>
                        <Unicode>foliis</Unicode>
                    </TextEquiv>
                </Word>
                <Word id="r_8_1l17_w2" custom="readingOrder {index:1;}">
                    <Coords points="398,1534 398,1594 433,1594 433,1534"/>
                    <TextEquiv>
                        <Unicode>&amp;</Unicode>
                    </TextEquiv>
                </Word>
                <Word id="r_8_1l17_w3" custom="readingOrder {index:2;}">
                    <Coords points="445,1535 445,1595 621,1595 621,1535"/>
                    <TextEquiv>
                        <Unicode>floribus,</Unicode>
                    </TextEquiv>
                </Word>
                <Word id="r_8_1l17_w4" custom="readingOrder {index:3;}">
                    <Coords points="639,1534 639,1594 738,1594 738,1534"/>
                    <TextEquiv>
                        <Unicode>quod</Unicode>
                    </TextEquiv>
                </Word>
                <Word id="r_8_1l17_w5" custom="readingOrder {index:4;}">
                    <Coords points="757,1533 757,1593 856,1593 856,1533"/>
                    <TextEquiv>
                        <Unicode>idem</Unicode>
                    </TextEquiv>
                </Word>
                <Word id="r_8_1l17_w6" custom="readingOrder {index:5;}">
                    <Coords points="868,1532 868,1592 956,1592 956,1532"/>
                    <TextEquiv>
                        <Unicode>dicit</Unicode>
                    </TextEquiv>
                </Word>
                <Word id="r_8_1l17_w7" custom="readingOrder {index:6;}">
                    <Coords points="974,1532 974,1592 1009,1592 1009,1532"/>
                    <TextEquiv>
                        <Unicode>8.</Unicode>
                    </TextEquiv>
                </Word>
                <Word id="r_8_1l17_w8" custom="readingOrder {index:7;}">
                    <Coords points="1020,1532 1020,1592 1056,1592 1056,1532"/>
                    <TextEquiv>
                        <Unicode>de</Unicode>
                    </TextEquiv>
                </Word>
                <Word id="r_8_1l17_w9" custom="readingOrder {index:8;}">
                    <Coords points="1073,1532 1073,1592 1249,1592 1249,1532"/>
                    <TextEquiv>
                        <Unicode>simplici¬</Unicode>
                    </TextEquiv>
                </Word>
                <TextEquiv>
                    <Unicode>foliis &amp; floribus, quod idem dicit 8. de simplici¬</Unicode>
                </TextEquiv>
            </TextLine>
            <TextLine id="r_8_1l18" custom="readingOrder {index:17;}">
                <Coords points="263,1649 1251,1639 1211,1581 263,1581"/>
                <Baseline points="275,1628 323,1626 371,1626 419,1626 467,1625 516,1625 564,1625 612,1624 660,1623 708,1623 757,1623 805,1623 853,1623 901,1623 949,1623 998,1623 1046,1622 1094,1622 1142,1622 1190,1622 1239,1622"/>
                <Word id="r_8_1l18_w1" custom="readingOrder {index:0;}">
                    <Coords points="263,1586 263,1646 351,1646 351,1586"/>
                    <TextEquiv>
                        <Unicode>bus</Unicode>
                    </TextEquiv>
                </Word>
                <Word id="r_8_1l18_w2" custom="readingOrder {index:1;}">
                    <Coords points="367,1585 367,1645 666,1645 666,1585"/>
                    <TextEquiv>
                        <Unicode>Medicamentis.</Unicode>
                    </TextEquiv>
                </Word>
                <Word id="r_8_1l18_w3" custom="readingOrder {index:2;}">
                    <Coords points="682,1583 682,1643 775,1643 775,1583"/>
                    <TextEquiv>
                        <Unicode>Haec</Unicode>
                    </TextEquiv>
                </Word>
                <Word id="r_8_1l18_w4" custom="readingOrder {index:3;}">
                    <Coords points="797,1583 797,1643 906,1643 906,1583"/>
                    <TextEquiv>
                        <Unicode>herba</Unicode>
                    </TextEquiv>
                </Word>
                <Word id="r_8_1l18_w5" custom="readingOrder {index:4;}">
                    <Coords points="922,1583 922,1643 960,1643 960,1583"/>
                    <TextEquiv>
                        <Unicode>ab</Unicode>
                    </TextEquiv>
                </Word>
                <Word id="r_8_1l18_w6" custom="readingOrder {index:5;}">
                    <Coords points="988,1582 988,1642 1162,1642 1162,1582"/>
                    <TextEquiv>
                        <Unicode>omnibus</Unicode>
                    </TextEquiv>
                </Word>
                <Word id="r_8_1l18_w7" custom="readingOrder {index:6;}">
                    <Coords points="1179,1582 1179,1642 1244,1642 1244,1582"/>
                    <TextEquiv>
                        <Unicode>co¬</Unicode>
                    </TextEquiv>
                </Word>
                <TextEquiv>
                    <Unicode>bus Medicamentis. Haec herba ab omnibus co¬</Unicode>
                </TextEquiv>
            </TextLine>
            <TextLine id="r_8_1l19" custom="readingOrder {index:18;}">
                <Coords points="270,1704 825,1679 1255,1707 1227,1630 269,1641"/>
                <Baseline points="282,1677 330,1676 378,1676 426,1676 474,1676 522,1674 570,1674 618,1674 666,1674 714,1674 762,1674 810,1674 858,1673 906,1673 954,1673 1002,1673 1050,1673 1098,1673 1146,1673 1194,1673 1242,1671"/>
                <Word id="r_8_1l19_w1" custom="readingOrder {index:0;}">
                    <Coords points="276,1636 276,1696 484,1696 484,1636"/>
                    <TextEquiv>
                        <Unicode>gnoscitur,</Unicode>
                    </TextEquiv>
                </Word>
                <Word id="r_8_1l19_w2" custom="readingOrder {index:1;}">
                    <Coords points="502,1634 502,1694 538,1694 538,1634"/>
                    <TextEquiv>
                        <Unicode>&amp;</Unicode>
                    </TextEquiv>
                </Word>
                <Word id="r_8_1l19_w3" custom="readingOrder {index:2;}">
                    <Coords points="550,1634 550,1694 680,1694 680,1634"/>
                    <TextEquiv>
                        <Unicode>passim</Unicode>
                    </TextEquiv>
                </Word>
                <Word id="r_8_1l19_w4" custom="readingOrder {index:3;}">
                    <Coords points="705,1634 705,1694 811,1694 811,1634"/>
                    <TextEquiv>
                        <Unicode>obvia</Unicode>
                    </TextEquiv>
                </Word>
                <Word id="r_8_1l19_w5" custom="readingOrder {index:4;}">
                    <Coords points="829,1633 829,1693 889,1693 889,1633"/>
                    <TextEquiv>
                        <Unicode>est,</Unicode>
                    </TextEquiv>
                </Word>
                <Word id="r_8_1l19_w6" custom="readingOrder {index:5;}">
                    <Coords points="895,1633 895,1693 931,1693 931,1633"/>
                    <TextEquiv>
                        <Unicode>&amp;</Unicode>
                    </TextEquiv>
                </Word>
                <Word id="r_8_1l19_w7" custom="readingOrder {index:6;}">
                    <Coords points="942,1633 942,1693 1074,1693 1074,1633"/>
                    <TextEquiv>
                        <Unicode>electio</Unicode>
                    </TextEquiv>
                </Word>
                <Word id="r_8_1l19_w8" custom="readingOrder {index:7;}">
                    <Coords points="1091,1633 1091,1693 1234,1693 1234,1633"/>
                    <TextEquiv>
                        <Unicode>tantùm</Unicode>
                    </TextEquiv>
                </Word>
                <TextEquiv>
                    <Unicode>gnoscitur, &amp; passim obvia est, &amp; electio tantùm</Unicode>
                </TextEquiv>
            </TextLine>
            <TextLine id="r_8_1l20" custom="readingOrder {index:19;}">
                <Coords points="281,1749 1099,1730 1098,1687 1071,1680 281,1699"/>
                <Baseline points="293,1727 332,1727 372,1725 411,1725 451,1725 491,1725 530,1724 570,1724 609,1724 649,1724 689,1724 728,1724 768,1724 807,1724 847,1724 887,1724 926,1724 966,1722 1005,1722 1045,1722 1085,1721"/>
                <Word id="r_8_1l20_w1" custom="readingOrder {index:0;}">
                    <Coords points="287,1685 287,1745 450,1745 450,1685"/>
                    <TextEquiv>
                        <Unicode>consistit</Unicode>
                    </TextEquiv>
                </Word>
                <Word id="r_8_1l20_w2" custom="readingOrder {index:1;}">
                    <Coords points="473,1685 473,1745 506,1745 506,1685"/>
                    <TextEquiv>
                        <Unicode>in</Unicode>
                    </TextEquiv>
                </Word>
                <Word id="r_8_1l20_w3" custom="readingOrder {index:2;}">
                    <Coords points="523,1684 523,1744 636,1744 636,1684"/>
                    <TextEquiv>
                        <Unicode>aetate,</Unicode>
                    </TextEquiv>
                </Word>
                <Word id="r_8_1l20_w4" custom="readingOrder {index:3;}">
                    <Coords points="653,1684 653,1744 698,1744 698,1684"/>
                    <TextEquiv>
                        <Unicode>de</Unicode>
                    </TextEquiv>
                </Word>
                <Word id="r_8_1l20_w5" custom="readingOrder {index:4;}">
                    <Coords points="715,1684 715,1744 782,1744 782,1684"/>
                    <TextEquiv>
                        <Unicode>qua</Unicode>
                    </TextEquiv>
                </Word>
                <Word id="r_8_1l20_w6" custom="readingOrder {index:5;}">
                    <Coords points="799,1684 799,1744 962,1744 962,1684"/>
                    <TextEquiv>
                        <Unicode>diximus</Unicode>
                    </TextEquiv>
                </Word>
                <Word id="r_8_1l20_w7" custom="readingOrder {index:6;}">
                    <Coords points="979,1682 979,1742 1097,1742 1097,1682"/>
                    <TextEquiv>
                        <Unicode>antea.</Unicode>
                    </TextEquiv>
                </Word>
                <TextEquiv>
                    <Unicode>consistit in aetate, de qua diximus antea.</Unicode>
                </TextEquiv>
            </TextLine>
            <TextLine id="r_8_1l21" custom="readingOrder {index:20;} textStyle {offset:13; length:6;italic:true;} textStyle {offset:27; length:6;italic:true;}">
                <Coords points="323,1796 1037,1774 1158,1799 1245,1791 1245,1746 1145,1721 322,1738"/>
                <Baseline points="335,1776 379,1776 424,1776 469,1776 514,1776 559,1775 604,1775 649,1775 694,1775 739,1773 784,1773 828,1773 873,1772 918,1772 963,1772 1008,1772 1053,1772 1098,1772 1143,1772 1188,1773 1233,1773"/>
                <Word id="r_8_1l21_w1" custom="readingOrder {index:0;}">
                    <Coords points="330,1736 330,1796 530,1796 530,1736"/>
                    <TextEquiv>
                        <Unicode>HADERA</Unicode>
                    </TextEquiv>
                </Word>
                <Word id="r_8_1l21_w2" custom="readingOrder {index:1;}">
                    <Coords points="554,1735 554,1795 694,1795 694,1735"/>
                    <TextEquiv>
                        <Unicode>(Germ.</Unicode>
                    </TextEquiv>
                </Word>
                <Word id="r_8_1l21_w3" custom="readingOrder {index:2;}">
                    <Coords points="706,1733 706,1793 841,1793 841,1733"/>
                    <TextEquiv>
                        <Unicode>Ephew.</Unicode>
                    </TextEquiv>
                </Word>
                <Word id="r_8_1l21_w4" custom="readingOrder {index:3;}">
                    <Coords points="847,1732 847,1792 944,1792 944,1732"/>
                    <TextEquiv>
                        <Unicode>Gall.</Unicode>
                    </TextEquiv>
                </Word>
                <Word id="r_8_1l21_w5" custom="readingOrder {index:4;}">
                    <Coords points="956,1732 956,1792 1071,1792 1071,1732"/>
                    <TextEquiv>
                        <Unicode>Liarre.</Unicode>
                    </TextEquiv>
                </Word>
                <Word id="r_8_1l21_w6" custom="readingOrder {index:5;}">
                    <Coords points="1084,1732 1084,1792 1242,1792 1242,1732"/>
                    <TextEquiv>
                        <Unicode>Hispan.</Unicode>
                    </TextEquiv>
                </Word>
                <TextEquiv>
                    <Unicode>HEDERA (Germ. Ephew. Gall. Liarre. Hispan.</Unicode>
                </TextEquiv>
            </TextLine>
            <TextLine id="r_8_1l22" custom="readingOrder {index:21;} textStyle {offset:0; length:5;italic:true;}">
                <Coords points="263,1834 1236,1837 1235,1787 263,1781"/>
                <Baseline points="275,1824 322,1824 369,1824 417,1824 464,1824 512,1824 559,1824 607,1824 654,1823 702,1823 749,1823 796,1823 844,1823 891,1821 939,1821 986,1821 1034,1821 1081,1821 1129,1821 1176,1821 1224,1821"/>
                <Word id="r_8_1l22_w1" custom="readingOrder {index:0;}">
                    <Coords points="275,1784 275,1844 421,1844 421,1784"/>
                    <TextEquiv>
                        <Unicode>Terda.)</Unicode>
                    </TextEquiv>
                </Word>
                <Word id="r_8_1l22_w2" custom="readingOrder {index:1;}">
                    <Coords points="432,1784 432,1844 628,1844 628,1784"/>
                    <TextEquiv>
                        <Unicode>differentias</Unicode>
                    </TextEquiv>
                </Word>
                <Word id="r_8_1l22_w3" custom="readingOrder {index:2;}">
                    <Coords points="645,1783 645,1843 774,1843 774,1783"/>
                    <TextEquiv>
                        <Unicode>multas</Unicode>
                    </TextEquiv>
                </Word>
                <Word id="r_8_1l22_w4" custom="readingOrder {index:3;}">
                    <Coords points="791,1783 791,1843 825,1843 825,1783"/>
                    <TextEquiv>
                        <Unicode>in</Unicode>
                    </TextEquiv>
                </Word>
                <Word id="r_8_1l22_w5" custom="readingOrder {index:4;}">
                    <Coords points="841,1781 841,1841 959,1841 959,1781"/>
                    <TextEquiv>
                        <Unicode>specie</Unicode>
                    </TextEquiv>
                </Word>
                <Word id="r_8_1l22_w6" custom="readingOrder {index:5;}">
                    <Coords points="976,1781 976,1841 1133,1841 1133,1781"/>
                    <TextEquiv>
                        <Unicode>sortitur,</Unicode>
                    </TextEquiv>
                </Word>
                <Word id="r_8_1l22_w7" custom="readingOrder {index:6;}">
                    <Coords points="1144,1781 1144,1841 1239,1841 1239,1781"/>
                    <TextEquiv>
                        <Unicode>sum¬</Unicode>
                    </TextEquiv>
                </Word>
                <TextEquiv>
                    <Unicode>Yerda.) differentias multas in specie sortitur, sum¬</Unicode>
                </TextEquiv>
            </TextLine>
            <TextLine id="r_8_1l23" custom="readingOrder {index:22;}">
                <Coords points="271,1882 1251,1889 1251,1846 1176,1829 271,1847"/>
                <Baseline points="284,1874 331,1874 379,1874 427,1874 475,1874 522,1874 570,1874 618,1874 666,1874 713,1873 761,1872 809,1872 857,1872 904,1872 952,1872 1000,1872 1048,1872 1095,1872 1143,1872 1191,1872 1239,1872"/>
                <Word id="r_8_1l23_w1" custom="readingOrder {index:0;}">
                    <Coords points="277,1834 277,1894 359,1894 359,1834"/>
                    <TextEquiv>
                        <Unicode>mas</Unicode>
                    </TextEquiv>
                </Word>
                <Word id="r_8_1l23_w2" custom="readingOrder {index:1;}">
                    <Coords points="376,1834 376,1894 497,1894 497,1834"/>
                    <TextEquiv>
                        <Unicode>autem</Unicode>
                    </TextEquiv>
                </Word>
                <Word id="r_8_1l23_w3" custom="readingOrder {index:2;}">
                    <Coords points="513,1834 513,1894 645,1894 645,1834"/>
                    <TextEquiv>
                        <Unicode>genere</Unicode>
                    </TextEquiv>
                </Word>
                <Word id="r_8_1l23_w4" custom="readingOrder {index:3;}">
                    <Coords points="661,1833 661,1893 749,1893 749,1833"/>
                    <TextEquiv>
                        <Unicode>tres.</Unicode>
                    </TextEquiv>
                </Word>
                <Word id="r_8_1l23_w5" custom="readingOrder {index:4;}">
                    <Coords points="776,1832 776,1892 876,1892 876,1832"/>
                    <TextEquiv>
                        <Unicode>Nam</Unicode>
                    </TextEquiv>
                </Word>
                <Word id="r_8_1l23_w6" custom="readingOrder {index:5;}">
                    <Coords points="898,1832 898,1892 1068,1892 1068,1832"/>
                    <TextEquiv>
                        <Unicode>quaedam</Unicode>
                    </TextEquiv>
                </Word>
                <Word id="r_8_1l23_w7" custom="readingOrder {index:6;}">
                    <Coords points="1084,1832 1084,1892 1243,1892 1243,1832"/>
                    <TextEquiv>
                        <Unicode>candida</Unicode>
                    </TextEquiv>
                </Word>
                <TextEquiv>
                    <Unicode>mas autem genere tres. Nam quaedam candida</Unicode>
                </TextEquiv>
            </TextLine>
            <TextLine id="r_8_1l24" custom="readingOrder {index:23;}">
                <Coords points="265,1937 1243,1931 1243,1888 1188,1878 265,1882"/>
                <Baseline points="278,1926 325,1925 373,1923 420,1923 468,1923 516,1922 563,1922 611,1922 658,1922 706,1922 754,1922 801,1922 849,1922 896,1922 944,1922 992,1922 1039,1922 1087,1923 1134,1923 1182,1923 1230,1922"/>
                <Word id="r_8_1l24_w1" custom="readingOrder {index:0;}">
                    <Coords points="283,1885 283,1945 347,1945 347,1885"/>
                    <TextEquiv>
                        <Unicode>est,</Unicode>
                    </TextEquiv>
                </Word>
                <Word id="r_8_1l24_w2" custom="readingOrder {index:1;}">
                    <Coords points="353,1883 353,1943 458,1943 458,1883"/>
                    <TextEquiv>
                        <Unicode>altera</Unicode>
                    </TextEquiv>
                </Word>
                <Word id="r_8_1l24_w3" custom="readingOrder {index:2;}">
                    <Coords points="482,1882 482,1942 593,1942 593,1882"/>
                    <TextEquiv>
                        <Unicode>nigra:</Unicode>
                    </TextEquiv>
                </Word>
                <Word id="r_8_1l24_w4" custom="readingOrder {index:3;}">
                    <Coords points="610,1882 610,1942 704,1942 704,1882"/>
                    <TextEquiv>
                        <Unicode>tertia</Unicode>
                    </TextEquiv>
                </Word>
                <Word id="r_8_1l24_w5" custom="readingOrder {index:4;}">
                    <Coords points="721,1882 721,1942 838,1942 838,1882"/>
                    <TextEquiv>
                        <Unicode>helix.</Unicode>
                    </TextEquiv>
                </Word>
                <Word id="r_8_1l24_w6" custom="readingOrder {index:5;}">
                    <Coords points="850,1882 850,1942 1018,1942 1018,1882"/>
                    <TextEquiv>
                        <Unicode>Candida</Unicode>
                    </TextEquiv>
                </Word>
                <Word id="r_8_1l24_w7" custom="readingOrder {index:6;}">
                    <Coords points="1037,1883 1037,1943 1165,1943 1165,1883"/>
                    <TextEquiv>
                        <Unicode>fructum</Unicode>
                    </TextEquiv>
                </Word>
                <Word id="r_8_1l24_w8" custom="readingOrder {index:7;}">
                    <Coords points="1176,1882 1176,1942 1240,1942 1240,1882"/>
                    <TextEquiv>
                        <Unicode>fert</Unicode>
                    </TextEquiv>
                </Word>
                <TextEquiv>
                    <Unicode>est, altera nigra: tertia helix. Candida fructum fert</Unicode>
                </TextEquiv>
            </TextLine>
            <TextLine id="r_8_1l25" custom="readingOrder {index:24;}">
                <Coords points="276,1987 1146,1995 1254,1980 1254,1930 559,1936 526,1909 486,1942 276,1942"/>
                <Baseline points="288,1974 335,1973 383,1973 431,1971 478,1971 526,1971 574,1970 621,1970 669,1970 717,1970 765,1970 812,1970 860,1970 908,1971 955,1971 1003,1971 1051,1971 1098,1971 1146,1970 1194,1970 1242,1970"/>
                <Word id="r_8_1l25_w1" custom="readingOrder {index:0;}">
                    <Coords points="278,1932 278,1992 500,1992 500,1932"/>
                    <TextEquiv>
                        <Unicode>candidum:</Unicode>
                    </TextEquiv>
                </Word>
                <Word id="r_8_1l25_w2" custom="readingOrder {index:1;}">
                    <Coords points="513,1930 513,1990 608,1990 608,1930"/>
                    <TextEquiv>
                        <Unicode>nigra</Unicode>
                    </TextEquiv>
                </Word>
                <Word id="r_8_1l25_w3" custom="readingOrder {index:2;}">
                    <Coords points="627,1930 627,1990 787,1990 787,1930"/>
                    <TextEquiv>
                        <Unicode>nigrum,</Unicode>
                    </TextEquiv>
                </Word>
                <Word id="r_8_1l25_w4" custom="readingOrder {index:3;}">
                    <Coords points="799,1930 799,1990 856,1990 856,1930"/>
                    <TextEquiv>
                        <Unicode>aut</Unicode>
                    </TextEquiv>
                </Word>
                <Word id="r_8_1l25_w5" custom="readingOrder {index:4;}">
                    <Coords points="875,1931 875,1991 971,1991 971,1931"/>
                    <TextEquiv>
                        <Unicode>croci</Unicode>
                    </TextEquiv>
                </Word>
                <Word id="r_8_1l25_w6" custom="readingOrder {index:5;}">
                    <Coords points="983,1931 983,1991 1123,1991 1123,1931"/>
                    <TextEquiv>
                        <Unicode>ęmulum,</Unicode>
                    </TextEquiv>
                </Word>
                <Word id="r_8_1l25_w7" custom="readingOrder {index:6;}">
                    <Coords points="1136,1930 1136,1990 1244,1990 1244,1930"/>
                    <TextEquiv>
                        <Unicode>quam</Unicode>
                    </TextEquiv>
                </Word>
                <TextEquiv>
                    <Unicode>candidum: nigra nigrum, aut croci ęmulum, quam</Unicode>
                </TextEquiv>
            </TextLine>
            <TextLine id="r_8_1l26" custom="readingOrder {index:25;}">
                <Coords points="276,2042 1246,2036 1246,1988 1213,1978 276,1987"/>
                <Baseline points="288,2025 335,2024 382,2024 429,2022 477,2022 524,2022 571,2021 618,2021 666,2021 713,2021 760,2021 807,2021 855,2021 902,2021 949,2021 996,2022 1044,2022 1091,2022 1138,2022 1185,2022 1233,2022"/>
                <Word id="r_8_1l26_w1" custom="readingOrder {index:0;}">
                    <Coords points="277,1984 277,2044 405,2044 405,1984"/>
                    <TextEquiv>
                        <Unicode>vulgus</Unicode>
                    </TextEquiv>
                </Word>
                <Word id="r_8_1l26_w2" custom="readingOrder {index:1;}">
                    <Coords points="429,1981 429,2041 652,2041 652,1981"/>
                    <TextEquiv>
                        <Unicode>Dionysiam</Unicode>
                    </TextEquiv>
                </Word>
                <Word id="r_8_1l26_w3" custom="readingOrder {index:2;}">
                    <Coords points="669,1981 669,2041 792,2041 792,1981"/>
                    <TextEquiv>
                        <Unicode>vocat.</Unicode>
                    </TextEquiv>
                </Word>
                <Word id="r_8_1l26_w4" custom="readingOrder {index:3;}">
                    <Coords points="804,1981 804,2041 904,2041 904,1981"/>
                    <TextEquiv>
                        <Unicode>Helix</Unicode>
                    </TextEquiv>
                </Word>
                <Word id="r_8_1l26_w5" custom="readingOrder {index:4;}">
                    <Coords points="921,1982 921,2042 1085,2042 1085,1982"/>
                    <TextEquiv>
                        <Unicode>fructum</Unicode>
                    </TextEquiv>
                </Word>
                <Word id="r_8_1l26_w6" custom="readingOrder {index:5;}">
                    <Coords points="1103,1982 1103,2042 1179,2042 1179,1982"/>
                    <TextEquiv>
                        <Unicode>non</Unicode>
                    </TextEquiv>
                </Word>
                <Word id="r_8_1l26_w7" custom="readingOrder {index:6;}">
                    <Coords points="1191,1982 1191,2042 1249,2042 1249,1982"/>
                    <TextEquiv>
                        <Unicode>gi¬</Unicode>
                    </TextEquiv>
                </Word>
                <TextEquiv>
                    <Unicode>vulgus Dionysiam vocat. Helix fructum non gi¬</Unicode>
                </TextEquiv>
            </TextLine>
            <TextLine id="r_8_1l27" custom="readingOrder {index:26;}">
                <Coords points="275,2095 745,2073 1245,2101 1220,2031 275,2043"/>
                <Baseline points="287,2072 334,2072 381,2072 428,2072 476,2072 523,2072 570,2072 618,2072 665,2072 712,2072 760,2072 807,2072 854,2072 901,2072 949,2072 996,2072 1043,2072 1091,2072 1138,2073 1185,2073 1233,2075"/>
                <Word id="r_8_1l27_w1" custom="readingOrder {index:0;}">
                    <Coords points="270,2032 270,2092 377,2092 377,2032"/>
                    <TextEquiv>
                        <Unicode>gnit,</Unicode>
                    </TextEquiv>
                </Word>
                <Word id="r_8_1l27_w2" custom="readingOrder {index:1;}">
                    <Coords points="389,2032 389,2092 451,2092 451,2032"/>
                    <TextEquiv>
                        <Unicode>sed</Unicode>
                    </TextEquiv>
                </Word>
                <Word id="r_8_1l27_w3" custom="readingOrder {index:2;}">
                    <Coords points="468,2032 468,2092 592,2092 592,2032"/>
                    <TextEquiv>
                        <Unicode>tenues</Unicode>
                    </TextEquiv>
                </Word>
                <Word id="r_8_1l27_w4" custom="readingOrder {index:3;}">
                    <Coords points="615,2032 615,2092 728,2092 728,2032"/>
                    <TextEquiv>
                        <Unicode>habet</Unicode>
                    </TextEquiv>
                </Word>
                <Word id="r_8_1l27_w5" custom="readingOrder {index:4;}">
                    <Coords points="750,2032 750,2092 937,2092 937,2032"/>
                    <TextEquiv>
                        <Unicode>viticulas,</Unicode>
                    </TextEquiv>
                </Word>
                <Word id="r_8_1l27_w6" custom="readingOrder {index:5;}">
                    <Coords points="960,2032 960,2092 999,2092 999,2032"/>
                    <TextEquiv>
                        <Unicode>&amp;</Unicode>
                    </TextEquiv>
                </Word>
                <Word id="r_8_1l27_w7" custom="readingOrder {index:6;}">
                    <Coords points="1017,2032 1017,2092 1101,2092 1101,2032"/>
                    <TextEquiv>
                        <Unicode>folia</Unicode>
                    </TextEquiv>
                </Word>
                <Word id="r_8_1l27_w8" custom="readingOrder {index:7;}">
                    <Coords points="1124,2033 1124,2093 1248,2093 1248,2033"/>
                    <TextEquiv>
                        <Unicode>parva,</Unicode>
                    </TextEquiv>
                </Word>
                <TextEquiv>
                    <Unicode>gnit, sed tenues habet viticulas, &amp; folia parva,</Unicode>
                </TextEquiv>
            </TextLine>
            <TextLine id="r_8_1l28" custom="readingOrder {index:27;}">
                <Coords points="258,2150 1251,2148 1251,2096 1173,2078 258,2093"/>
                <Baseline points="270,2120 318,2120 366,2121 415,2121 463,2121 512,2121 560,2121 609,2121 657,2121 706,2121 754,2121 802,2121 851,2121 899,2121 948,2121 996,2121 1045,2121 1093,2121 1142,2121 1190,2121 1239,2123"/>
                <Word id="r_8_1l28_w1" custom="readingOrder {index:0;}">
                    <Coords points="259,2081 259,2141 475,2141 475,2081"/>
                    <TextEquiv>
                        <Unicode>angulosa,</Unicode>
                    </TextEquiv>
                </Word>
                <Word id="r_8_1l28_w2" custom="readingOrder {index:1;}">
                    <Coords points="486,2081 486,2141 520,2141 520,2081"/>
                    <TextEquiv>
                        <Unicode>&amp;</Unicode>
                    </TextEquiv>
                </Word>
                <Word id="r_8_1l28_w3" custom="readingOrder {index:2;}">
                    <Coords points="532,2081 532,2141 651,2141 651,2081"/>
                    <TextEquiv>
                        <Unicode>rubra.</Unicode>
                    </TextEquiv>
                </Word>
                <Word id="r_8_1l28_w4" custom="readingOrder {index:3;}">
                    <Coords points="674,2081 674,2141 793,2141 793,2081"/>
                    <TextEquiv>
                        <Unicode>Nigra</Unicode>
                    </TextEquiv>
                </Word>
                <Word id="r_8_1l28_w5" custom="readingOrder {index:4;}">
                    <Coords points="811,2081 811,2141 942,2141 942,2081"/>
                    <TextEquiv>
                        <Unicode>hedera</Unicode>
                    </TextEquiv>
                </Word>
                <Word id="r_8_1l28_w6" custom="readingOrder {index:5;}">
                    <Coords points="959,2081 959,2141 993,2141 993,2081"/>
                    <TextEquiv>
                        <Unicode>in</Unicode>
                    </TextEquiv>
                </Word>
                <Word id="r_8_1l28_w7" custom="readingOrder {index:6;}">
                    <Coords points="1010,2081 1010,2141 1129,2141 1129,2081"/>
                    <TextEquiv>
                        <Unicode>Italia,</Unicode>
                    </TextEquiv>
                </Word>
                <Word id="r_8_1l28_w8" custom="readingOrder {index:7;}">
                    <Coords points="1146,2081 1146,2141 1254,2141 1254,2081"/>
                    <TextEquiv>
                        <Unicode>Ger¬</Unicode>
                    </TextEquiv>
                </Word>
                <TextEquiv>
                    <Unicode>angulosa, &amp; rubra. Nigra hedera in Italia, Ger¬</Unicode>
                </TextEquiv>
            </TextLine>
            <TextLine id="r_8_1l29" custom="readingOrder {index:28;}">
                <Coords points="274,2183 1244,2180 1204,2128 274,2143"/>
                <Baseline points="288,2172 335,2172 382,2171 429,2171 477,2171 524,2171 571,2171 618,2171 666,2171 713,2171 760,2171 807,2171 855,2171 902,2171 949,2171 996,2171 1044,2171 1091,2171 1138,2172 1185,2172 1233,2172"/>
                <Word id="r_8_1l29_w1" custom="readingOrder {index:0;}">
                    <Coords points="275,2131 275,2191 428,2191 428,2131"/>
                    <TextEquiv>
                        <Unicode>mania,</Unicode>
                    </TextEquiv>
                </Word>
                <Word id="r_8_1l29_w2" custom="readingOrder {index:1;}">
                    <Coords points="440,2131 440,2191 593,2191 593,2131"/>
                    <TextEquiv>
                        <Unicode>Belgio,</Unicode>
                    </TextEquiv>
                </Word>
                <Word id="r_8_1l29_w3" custom="readingOrder {index:2;}">
                    <Coords points="610,2131 610,2191 730,2191 730,2131"/>
                    <TextEquiv>
                        <Unicode>Gallia</Unicode>
                    </TextEquiv>
                </Word>
                <Word id="r_8_1l29_w4" custom="readingOrder {index:3;}">
                    <Coords points="747,2131 747,2191 838,2191 838,2131"/>
                    <TextEquiv>
                        <Unicode>circa</Unicode>
                    </TextEquiv>
                </Word>
                <Word id="r_8_1l29_w5" custom="readingOrder {index:4;}">
                    <Coords points="860,2131 860,2191 1032,2191 1032,2131"/>
                    <TextEquiv>
                        <Unicode>parietes,</Unicode>
                    </TextEquiv>
                </Word>
                <Word id="r_8_1l29_w6" custom="readingOrder {index:5;}">
                    <Coords points="1048,2131 1048,2191 1082,2191 1082,2131"/>
                    <TextEquiv>
                        <Unicode>&amp;</Unicode>
                    </TextEquiv>
                </Word>
                <Word id="r_8_1l29_w7" custom="readingOrder {index:6;}">
                    <Coords points="1094,2132 1094,2192 1247,2192 1247,2132"/>
                    <TextEquiv>
                        <Unicode>arbores</Unicode>
                    </TextEquiv>
                </Word>
                <TextEquiv>
                    <Unicode>mania, Belgio, Gallia circa parietes, &amp; arbores</Unicode>
                </TextEquiv>
            </TextLine>
            <TextLine id="l_5" custom="readingOrder {index:29;}">
                <Coords points="1253,2242 258,2229 258,2189 1253,2178"/>
                <Baseline points="269,2223 368,2222 467,2220 567,2220 666,2219 766,2219 865,2219 965,2219 1064,2219 1164,2220 1253,2220"/>
                <TextEquiv>
                    <Unicode>frequens est. Candida in Gręcia reperitur. Minor</Unicode>
                </TextEquiv>
            </TextLine>
            <TextLine id="r_8_1l30" custom="readingOrder {index:30;}">
                <Coords points="275,2295 1245,2284 1245,2249 1187,2229 275,2237"/>
                <Baseline points="287,2270 334,2270 381,2270 428,2271 476,2271 523,2270 570,2270 618,2270 665,2270 712,2270 760,2270 807,2270 854,2270 901,2268 949,2268 996,2268 1043,2270 1091,2270 1138,2270 1185,2270 1233,2271"/>
                <Word id="r_8_1l30_w1" custom="readingOrder {index:0;}">
                    <Coords points="276,2230 276,2290 413,2290 413,2230"/>
                    <TextEquiv>
                        <Unicode>passim</Unicode>
                    </TextEquiv>
                </Word>
                <Word id="r_8_1l30_w2" custom="readingOrder {index:1;}">
                    <Coords points="425,2231 425,2291 455,2291 455,2231"/>
                    <TextEquiv>
                        <Unicode>in</Unicode>
                    </TextEquiv>
                </Word>
                <Word id="r_8_1l30_w3" custom="readingOrder {index:2;}">
                    <Coords points="473,2230 473,2290 575,2290 575,2230"/>
                    <TextEquiv>
                        <Unicode>sylvis</Unicode>
                    </TextEquiv>
                </Word>
                <Word id="r_8_1l30_w4" custom="readingOrder {index:3;}">
                    <Coords points="592,2230 592,2290 622,2290 622,2230"/>
                    <TextEquiv>
                        <Unicode>&amp;</Unicode>
                    </TextEquiv>
                </Word>
                <Word id="r_8_1l30_w5" custom="readingOrder {index:4;}">
                    <Coords points="640,2230 640,2290 765,2290 765,2230"/>
                    <TextEquiv>
                        <Unicode>opacis</Unicode>
                    </TextEquiv>
                </Word>
                <Word id="r_8_1l30_w6" custom="readingOrder {index:5;}">
                    <Coords points="789,2230 789,2290 872,2290 872,2230"/>
                    <TextEquiv>
                        <Unicode>locis</Unicode>
                    </TextEquiv>
                </Word>
                <Word id="r_8_1l30_w7" custom="readingOrder {index:6;}">
                    <Coords points="896,2228 896,2288 1063,2288 1063,2228"/>
                    <TextEquiv>
                        <Unicode>gignitur.</Unicode>
                    </TextEquiv>
                </Word>
                <Word id="r_8_1l30_w8" custom="readingOrder {index:7;}">
                    <Coords points="1081,2230 1081,2290 1159,2290 1159,2230"/>
                    <TextEquiv>
                        <Unicode>Hanc</Unicode>
                    </TextEquiv>
                </Word>
                <Word id="r_8_1l30_w9" custom="readingOrder {index:8;}">
                    <Coords points="1170,2230 1170,2290 1242,2290 1242,2230"/>
                    <TextEquiv>
                        <Unicode>ser¬</Unicode>
                    </TextEquiv>
                </Word>
                <TextEquiv>
                    <Unicode>passim in sylvis &amp; opacis locis gignitur. Hanc ser¬</Unicode>
                </TextEquiv>
            </TextLine>
            <TextLine id="r_8_1l31" custom="readingOrder {index:31;}">
                <Coords points="269,2345 1246,2334 1231,2282 269,2277"/>
                <Baseline points="281,2321 328,2321 376,2320 423,2319 471,2319 519,2319 566,2319 614,2318 661,2318 709,2318 757,2318 804,2318 852,2318 899,2318 947,2318 995,2318 1042,2319 1090,2319 1137,2319 1185,2321 1233,2321"/>
                <Word id="r_8_1l31_w1" custom="readingOrder {index:0;}">
                    <Coords points="276,2280 276,2340 452,2340 452,2280"/>
                    <TextEquiv>
                        <Unicode>pentibus</Unicode>
                    </TextEquiv>
                </Word>
                <Word id="r_8_1l31_w2" custom="readingOrder {index:1;}">
                    <Coords points="469,2278 469,2338 722,2338 722,2278"/>
                    <TextEquiv>
                        <Unicode>gratissimam,</Unicode>
                    </TextEquiv>
                </Word>
                <Word id="r_8_1l31_w3" custom="readingOrder {index:2;}">
                    <Coords points="739,2278 739,2338 774,2338 774,2278"/>
                    <TextEquiv>
                        <Unicode>&amp;</Unicode>
                    </TextEquiv>
                </Word>
                <Word id="r_8_1l31_w4" custom="readingOrder {index:3;}">
                    <Coords points="792,2278 792,2338 851,2338 851,2278"/>
                    <TextEquiv>
                        <Unicode>sub</Unicode>
                    </TextEquiv>
                </Word>
                <Word id="r_8_1l31_w5" custom="readingOrder {index:4;}">
                    <Coords points="874,2278 874,2338 938,2338 938,2278"/>
                    <TextEquiv>
                        <Unicode>hac</Unicode>
                    </TextEquiv>
                </Word>
                <Word id="r_8_1l31_w6" custom="readingOrder {index:5;}">
                    <Coords points="956,2278 956,2338 1126,2338 1126,2278"/>
                    <TextEquiv>
                        <Unicode>hybernis</Unicode>
                    </TextEquiv>
                </Word>
                <Word id="r_8_1l31_w7" custom="readingOrder {index:6;}">
                    <Coords points="1144,2281 1144,2341 1249,2341 1249,2281"/>
                    <TextEquiv>
                        <Unicode>men¬</Unicode>
                    </TextEquiv>
                </Word>
                <TextEquiv>
                    <Unicode>pentibus gratissimam, &amp; sub hac hybernis men¬</Unicode>
                </TextEquiv>
            </TextLine>
            <TextLine id="r_8_1l32" custom="readingOrder {index:32;}">
                <Coords points="265,2400 470,2372 1225,2389 1250,2331 265,2347"/>
                <Baseline points="276,2369 324,2369 372,2370 420,2370 468,2369 516,2369 564,2369 612,2369 660,2368 708,2367 756,2367 804,2367 852,2367 900,2367 948,2367 996,2367 1044,2367 1092,2369 1140,2369 1188,2370 1236,2372"/>
                <Word id="r_8_1l32_w1" custom="readingOrder {index:0;}">
                    <Coords points="276,2329 276,2389 379,2389 379,2329"/>
                    <TextEquiv>
                        <Unicode>sibus</Unicode>
                    </TextEquiv>
                </Word>
                <Word id="r_8_1l32_w2" custom="readingOrder {index:1;}">
                    <Coords points="396,2329 396,2389 455,2389 455,2329"/>
                    <TextEquiv>
                        <Unicode>eos</Unicode>
                    </TextEquiv>
                </Word>
                <Word id="r_8_1l32_w3" custom="readingOrder {index:2;}">
                    <Coords points="477,2329 477,2389 612,2389 612,2329"/>
                    <TextEquiv>
                        <Unicode>latitare</Unicode>
                    </TextEquiv>
                </Word>
                <Word id="r_8_1l32_w4" custom="readingOrder {index:3;}">
                    <Coords points="635,2327 635,2387 857,2387 857,2327"/>
                    <TextEquiv>
                        <Unicode>Matthiolus</Unicode>
                    </TextEquiv>
                </Word>
                <Word id="r_8_1l32_w5" custom="readingOrder {index:4;}">
                    <Coords points="879,2327 879,2387 1010,2387 1010,2327"/>
                    <TextEquiv>
                        <Unicode>scribit.</Unicode>
                    </TextEquiv>
                </Word>
                <Word id="r_8_1l32_w6" custom="readingOrder {index:5;}">
                    <Coords points="1031,2329 1031,2389 1156,2389 1156,2329"/>
                    <TextEquiv>
                        <Unicode>Flores</Unicode>
                    </TextEquiv>
                </Word>
                <Word id="r_8_1l32_w7" custom="readingOrder {index:6;}">
                    <Coords points="1172,2330 1172,2390 1237,2390 1237,2330"/>
                    <TextEquiv>
                        <Unicode>he¬</Unicode>
                    </TextEquiv>
                </Word>
                <TextEquiv>
                    <Unicode>sibus eos latitare Matthiolus scribit. Flores he¬</Unicode>
                </TextEquiv>
            </TextLine>
            <TextLine id="r_8_1l33" custom="readingOrder {index:33;}">
                <Coords points="259,2427 1164,2446 1239,2431 1239,2393 469,2372 259,2405"/>
                <Baseline points="270,2421 317,2421 365,2420 413,2420 461,2420 509,2418 557,2418 604,2418 652,2418 700,2417 748,2417 796,2417 844,2417 892,2417 939,2417 987,2417 1035,2418 1083,2418 1131,2420 1179,2420 1227,2421"/>
                <Word id="r_8_1l33_w1" custom="readingOrder {index:0;}">
                    <Coords points="270,2381 270,2441 352,2441 352,2381"/>
                    <TextEquiv>
                        <Unicode>dera</Unicode>
                    </TextEquiv>
                </Word>
                <Word id="r_8_1l33_w2" custom="readingOrder {index:1;}">
                    <Coords points="375,2380 375,2440 430,2440 430,2380"/>
                    <TextEquiv>
                        <Unicode>sub</Unicode>
                    </TextEquiv>
                </Word>
                <Word id="r_8_1l33_w3" custom="readingOrder {index:2;}">
                    <Coords points="457,2378 457,2438 688,2438 688,2378"/>
                    <TextEquiv>
                        <Unicode>Autumnum</Unicode>
                    </TextEquiv>
                </Word>
                <Word id="r_8_1l33_w4" custom="readingOrder {index:3;}">
                    <Coords points="710,2377 710,2437 897,2437 897,2377"/>
                    <TextEquiv>
                        <Unicode>producit:</Unicode>
                    </TextEquiv>
                </Word>
                <Word id="r_8_1l33_w5" custom="readingOrder {index:4;}">
                    <Coords points="919,2377 919,2437 1034,2437 1034,2377"/>
                    <TextEquiv>
                        <Unicode>baccae</Unicode>
                    </TextEquiv>
                </Word>
                <Word id="r_8_1l33_w6" custom="readingOrder {index:5;}">
                    <Coords points="1050,2378 1050,2438 1128,2438 1128,2378"/>
                    <TextEquiv>
                        <Unicode>post</Unicode>
                    </TextEquiv>
                </Word>
                <Word id="r_8_1l33_w7" custom="readingOrder {index:6;}">
                    <Coords points="1149,2380 1149,2440 1237,2440 1237,2380"/>
                    <TextEquiv>
                        <Unicode>hyc¬</Unicode>
                    </TextEquiv>
                </Word>
                <TextEquiv>
                    <Unicode>dera sub Autumnum producit: baccae post hyc¬</Unicode>
                </TextEquiv>
            </TextLine>
            <TextLine id="r_8_1l34" custom="readingOrder {index:34;}">
                <Coords points="268,2492 1233,2485 1233,2432 268,2439"/>
                <Baseline points="281,2469 328,2469 375,2469 422,2469 469,2469 516,2469 563,2468 610,2468 657,2468 704,2468 751,2466 798,2466 845,2466 892,2466 939,2466 986,2466 1033,2466 1080,2468 1127,2468 1174,2469 1221,2469"/>
                <Word id="r_8_1l34_w1" custom="readingOrder {index:0;}">
                    <Coords points="274,2429 274,2489 349,2489 349,2429"/>
                    <TextEquiv>
                        <Unicode>mis</Unicode>
                    </TextEquiv>
                </Word>
                <Word id="r_8_1l34_w2" custom="readingOrder {index:1;}">
                    <Coords points="366,2429 366,2489 557,2489 557,2429"/>
                    <TextEquiv>
                        <Unicode>solstitium</Unicode>
                    </TextEquiv>
                </Word>
                <Word id="r_8_1l34_w3" custom="readingOrder {index:2;}">
                    <Coords points="573,2428 573,2488 801,2488 801,2428"/>
                    <TextEquiv>
                        <Unicode>perficiuntur.</Unicode>
                    </TextEquiv>
                </Word>
                <Word id="r_8_1l34_w4" custom="readingOrder {index:3;}">
                    <Coords points="807,2426 807,2486 834,2486 834,2426"/>
                    <TextEquiv>
                        <Unicode>*</Unicode>
                    </TextEquiv>
                </Word>
                <Word id="r_8_1l34_w5" custom="readingOrder {index:4;}">
                    <Coords points="851,2426 851,2486 997,2486 997,2426"/>
                    <TextEquiv>
                        <Unicode>Hedera</Unicode>
                    </TextEquiv>
                </Word>
                <Word id="r_8_1l34_w6" custom="readingOrder {index:5;}">
                    <Coords points="1013,2427 1013,2487 1133,2487 1133,2427"/>
                    <TextEquiv>
                        <Unicode>omnis</Unicode>
                    </TextEquiv>
                </Word>
                <Word id="r_8_1l34_w7" custom="readingOrder {index:6;}">
                    <Coords points="1150,2429 1150,2489 1236,2489 1236,2429"/>
                    <TextEquiv>
                        <Unicode>acris</Unicode>
                    </TextEquiv>
                </Word>
                <TextEquiv>
                    <Unicode>mis solstitium perficiuntur. * Hedera omnis acris</Unicode>
                </TextEquiv>
            </TextLine>
            <TextLine id="r_8_1l35" custom="readingOrder {index:35;}">
                <Coords points="257,2541 1170,2544 1237,2527 1237,2489 257,2494"/>
                <Baseline points="269,2522 316,2522 364,2520 412,2520 460,2519 507,2519 555,2518 603,2517 651,2517 698,2517 746,2517 794,2517 842,2517 889,2516 937,2516 985,2516 1033,2517 1080,2517 1128,2517 1176,2517 1224,2517"/>
                <Word id="r_8_1l35_w1" custom="readingOrder {index:0;}">
                    <Coords points="269,2482 269,2542 341,2542 341,2482"/>
                    <TextEquiv>
                        <Unicode>est,</Unicode>
                    </TextEquiv>
                </Word>
                <Word id="r_8_1l35_w2" custom="readingOrder {index:1;}">
                    <Coords points="353,2480 353,2540 386,2540 386,2480"/>
                    <TextEquiv>
                        <Unicode>&amp;</Unicode>
                    </TextEquiv>
                </Word>
                <Word id="r_8_1l35_w3" custom="readingOrder {index:2;}">
                    <Coords points="397,2478 397,2538 626,2538 626,2478"/>
                    <TextEquiv>
                        <Unicode>astringens:</Unicode>
                    </TextEquiv>
                </Word>
                <Word id="r_8_1l35_w4" custom="readingOrder {index:3;}">
                    <Coords points="642,2477 642,2537 771,2537 771,2477"/>
                    <TextEquiv>
                        <Unicode>nervos</Unicode>
                    </TextEquiv>
                </Word>
                <Word id="r_8_1l35_w5" custom="readingOrder {index:4;}">
                    <Coords points="788,2476 788,2536 916,2536 916,2476"/>
                    <TextEquiv>
                        <Unicode>tentat.</Unicode>
                    </TextEquiv>
                </Word>
                <Word id="r_8_1l35_w6" custom="readingOrder {index:5;}">
                    <Coords points="933,2476 933,2536 1006,2536 1006,2476"/>
                    <TextEquiv>
                        <Unicode>Flos</Unicode>
                    </TextEquiv>
                </Word>
                <Word id="r_8_1l35_w7" custom="readingOrder {index:6;}">
                    <Coords points="1023,2477 1023,2537 1129,2537 1129,2477"/>
                    <TextEquiv>
                        <Unicode>triam</Unicode>
                    </TextEquiv>
                </Word>
                <Word id="r_8_1l35_w8" custom="readingOrder {index:7;}">
                    <Coords points="1145,2477 1145,2537 1240,2537 1240,2477"/>
                    <TextEquiv>
                        <Unicode>digi¬</Unicode>
                    </TextEquiv>
                </Word>
                <TextEquiv>
                    <Unicode>est, &amp; astringens: nervos tentat. Flos triam digi¬</Unicode>
                </TextEquiv>
            </TextLine>
            <TextLine id="r_8_1l36" custom="readingOrder {index:36;}">
                <Coords points="257,2575 1250,2585 1225,2528 257,2542"/>
                <Baseline points="269,2570 317,2570 365,2570 414,2570 462,2570 511,2569 559,2568 608,2568 656,2568 705,2568 753,2567 801,2567 850,2567 898,2567 947,2567 995,2567 1044,2568 1092,2568 1141,2568 1189,2570 1238,2570"/>
                <Word id="r_8_1l36_w1" custom="readingOrder {index:0;}">
                    <Coords points="258,2530 258,2590 393,2590 393,2530"/>
                    <TextEquiv>
                        <Unicode>torum</Unicode>
                    </TextEquiv>
                </Word>
                <Word id="r_8_1l36_w2" custom="readingOrder {index:1;}">
                    <Coords points="410,2529 410,2589 557,2589 557,2529"/>
                    <TextEquiv>
                        <Unicode>carptu,</Unicode>
                    </TextEquiv>
                </Word>
                <Word id="r_8_1l36_w3" custom="readingOrder {index:2;}">
                    <Coords points="574,2528 574,2588 665,2588 665,2528"/>
                    <TextEquiv>
                        <Unicode>facit</Unicode>
                    </TextEquiv>
                </Word>
                <Word id="r_8_1l36_w4" custom="readingOrder {index:3;}">
                    <Coords points="682,2528 682,2588 727,2588 727,2528"/>
                    <TextEquiv>
                        <Unicode>ad</Unicode>
                    </TextEquiv>
                </Word>
                <Word id="r_8_1l36_w5" custom="readingOrder {index:4;}">
                    <Coords points="744,2527 744,2587 1022,2587 1022,2527"/>
                    <TextEquiv>
                        <Unicode>dysentericos,</Unicode>
                    </TextEquiv>
                </Word>
                <Word id="r_8_1l36_w6" custom="readingOrder {index:5;}">
                    <Coords points="1033,2528 1033,2588 1067,2588 1067,2528"/>
                    <TextEquiv>
                        <Unicode>in</Unicode>
                    </TextEquiv>
                </Word>
                <Word id="r_8_1l36_w7" custom="readingOrder {index:6;}">
                    <Coords points="1078,2528 1078,2588 1163,2588 1163,2528"/>
                    <TextEquiv>
                        <Unicode>vino</Unicode>
                    </TextEquiv>
                </Word>
                <Word id="r_8_1l36_w8" custom="readingOrder {index:7;}">
                    <Coords points="1186,2530 1186,2590 1236,2590 1236,2530"/>
                    <TextEquiv>
                        <Unicode>bis</Unicode>
                    </TextEquiv>
                </Word>
                <TextEquiv>
                    <Unicode>torum carptu, facit ad dysentericos, in vino bis</Unicode>
                </TextEquiv>
            </TextLine>
            <TextLine id="r_8_1l37" custom="readingOrder {index:37;}">
                <Coords points="266,2637 1241,2625 1171,2577 266,2589"/>
                <Baseline points="279,2618 326,2618 374,2619 421,2619 469,2619 516,2618 564,2618 611,2618 659,2618 706,2618 754,2616 801,2616 849,2616 896,2616 944,2616 991,2616 1039,2616 1086,2616 1134,2618 1181,2618 1229,2619"/>
                <Word id="r_8_1l37_w1" custom="readingOrder {index:0;}">
                    <Coords points="272,2578 272,2638 328,2638 328,2578"/>
                    <TextEquiv>
                        <Unicode>die</Unicode>
                    </TextEquiv>
                </Word>
                <Word id="r_8_1l37_w2" custom="readingOrder {index:1;}">
                    <Coords points="351,2579 351,2639 474,2639 474,2579"/>
                    <TextEquiv>
                        <Unicode>potus:</Unicode>
                    </TextEquiv>
                </Word>
                <Word id="r_8_1l37_w3" custom="readingOrder {index:2;}">
                    <Coords points="485,2578 485,2638 654,2638 654,2578"/>
                    <TextEquiv>
                        <Unicode>ambustis</Unicode>
                    </TextEquiv>
                </Word>
                <Word id="r_8_1l37_w4" custom="readingOrder {index:3;}">
                    <Coords points="677,2578 677,2638 722,2638 722,2578"/>
                    <TextEquiv>
                        <Unicode>cum</Unicode>
                    </TextEquiv>
                </Word>
                <Word id="r_8_1l37_w5" custom="readingOrder {index:4;}">
                    <Coords points="733,2576 733,2636 851,2636 851,2576"/>
                    <TextEquiv>
                        <Unicode>terato</Unicode>
                    </TextEquiv>
                </Word>
                <Word id="r_8_1l37_w6" custom="readingOrder {index:5;}">
                    <Coords points="874,2576 874,2636 969,2636 969,2576"/>
                    <TextEquiv>
                        <Unicode>tritus</Unicode>
                    </TextEquiv>
                </Word>
                <Word id="r_8_1l37_w7" custom="readingOrder {index:6;}">
                    <Coords points="986,2576 986,2636 1149,2636 1149,2576"/>
                    <TextEquiv>
                        <Unicode>illinitur.</Unicode>
                    </TextEquiv>
                </Word>
                <Word id="r_8_1l37_w8" custom="readingOrder {index:7;}">
                    <Coords points="1165,2578 1165,2638 1244,2638 1244,2578"/>
                    <TextEquiv>
                        <Unicode>Re¬</Unicode>
                    </TextEquiv>
                </Word>
                <TextEquiv>
                    <Unicode>die potus: ambustis cum terato tritus illinitur. Re¬</Unicode>
                </TextEquiv>
            </TextLine>
            <TextLine id="r_8_1l38" custom="readingOrder {index:38;}">
                <Coords points="260,2688 1147,2694 1242,2686 1242,2629 260,2640"/>
                <Baseline points="272,2666 319,2666 367,2667 415,2667 463,2667 511,2667 559,2667 606,2667 654,2667 702,2667 750,2667 798,2666 846,2666 894,2666 941,2666 989,2666 1037,2667 1085,2667 1133,2667 1181,2669 1229,2670"/>
                <Word id="r_8_1l38_w1" custom="readingOrder {index:0;}">
                    <Coords points="271,2626 271,2686 393,2686 393,2626"/>
                    <TextEquiv>
                        <Unicode>centia</Unicode>
                    </TextEquiv>
                </Word>
                <Word id="r_8_1l38_w2" custom="readingOrder {index:1;}">
                    <Coords points="415,2627 415,2687 500,2687 500,2627"/>
                    <TextEquiv>
                        <Unicode>folia</Unicode>
                    </TextEquiv>
                </Word>
                <Word id="r_8_1l38_w3" custom="readingOrder {index:2;}">
                    <Coords points="521,2627 521,2687 553,2687 553,2627"/>
                    <TextEquiv>
                        <Unicode>ex</Unicode>
                    </TextEquiv>
                </Word>
                <Word id="r_8_1l38_w4" custom="readingOrder {index:3;}">
                    <Coords points="574,2627 574,2687 676,2687 676,2627"/>
                    <TextEquiv>
                        <Unicode>aceto</Unicode>
                    </TextEquiv>
                </Word>
                <Word id="r_8_1l38_w5" custom="readingOrder {index:4;}">
                    <Coords points="702,2626 702,2686 825,2686 825,2626"/>
                    <TextEquiv>
                        <Unicode>cocta,</Unicode>
                    </TextEquiv>
                </Word>
                <Word id="r_8_1l38_w6" custom="readingOrder {index:5;}">
                    <Coords points="846,2626 846,2686 899,2686 899,2626"/>
                    <TextEquiv>
                        <Unicode>aut</Unicode>
                    </TextEquiv>
                </Word>
                <Word id="r_8_1l38_w7" custom="readingOrder {index:6;}">
                    <Coords points="921,2626 921,2686 1028,2686 1028,2626"/>
                    <TextEquiv>
                        <Unicode>cruda</Unicode>
                    </TextEquiv>
                </Word>
                <Word id="r_8_1l38_w8" custom="readingOrder {index:7;}">
                    <Coords points="1043,2627 1043,2687 1123,2687 1123,2627"/>
                    <TextEquiv>
                        <Unicode>cum</Unicode>
                    </TextEquiv>
                </Word>
                <Word id="r_8_1l38_w9" custom="readingOrder {index:8;}">
                    <Coords points="1139,2629 1139,2689 1235,2689 1235,2629"/>
                    <TextEquiv>
                        <Unicode>pane</Unicode>
                    </TextEquiv>
                </Word>
                <TextEquiv>
                    <Unicode>centia folia ex aceto cocta, aut cruda cum pane</Unicode>
                </TextEquiv>
            </TextLine>
            <TextLine id="r_8_1l39" custom="readingOrder {index:39;}">
                <Coords points="267,2727 1252,2729 1252,2691 1162,2676 267,2685"/>
                <Baseline points="281,2718 329,2718 377,2718 425,2717 473,2717 521,2717 569,2717 617,2717 665,2715 713,2715 761,2715 809,2715 857,2715 905,2715 953,2715 1001,2715 1049,2716 1097,2717 1145,2717 1193,2718 1241,2720"/>
                <Word id="r_8_1l39_w1" custom="readingOrder {index:0;}">
                    <Coords points="273,2678 273,2738 417,2738 417,2678"/>
                    <TextEquiv>
                        <Unicode>detrita,</Unicode>
                    </TextEquiv>
                </Word>
                <Word id="r_8_1l39_w2" custom="readingOrder {index:1;}">
                    <Coords points="428,2677 428,2737 533,2737 533,2677"/>
                    <TextEquiv>
                        <Unicode>lienes</Unicode>
                    </TextEquiv>
                </Word>
                <Word id="r_8_1l39_w3" custom="readingOrder {index:2;}">
                    <Coords points="556,2676 556,2736 695,2736 695,2676"/>
                    <TextEquiv>
                        <Unicode>sanant.</Unicode>
                    </TextEquiv>
                </Word>
                <Word id="r_8_1l39_w4" custom="readingOrder {index:3;}">
                    <Coords points="712,2675 712,2735 900,2735 900,2675"/>
                    <TextEquiv>
                        <Unicode>Foliorum</Unicode>
                    </TextEquiv>
                </Word>
                <Word id="r_8_1l39_w5" custom="readingOrder {index:4;}">
                    <Coords points="917,2675 917,2735 950,2735 950,2675"/>
                    <TextEquiv>
                        <Unicode>&amp;</Unicode>
                    </TextEquiv>
                </Word>
                <Word id="r_8_1l39_w6" custom="readingOrder {index:5;}">
                    <Coords points="961,2677 961,2737 1233,2737 1233,2677"/>
                    <TextEquiv>
                        <Unicode>corymborum</Unicode>
                    </TextEquiv>
                </Word>
                <TextEquiv>
                    <Unicode>detrita, lienes sanant. Foliorum &amp; corymborum</Unicode>
                </TextEquiv>
            </TextLine>
            <TextLine id="r_8_1l40" custom="readingOrder {index:40;}">
                <Coords points="258,2778 1188,2783 1250,2778 1250,2731 258,2740"/>
                <Baseline points="270,2768 318,2768 366,2768 415,2768 463,2766 512,2766 560,2766 609,2766 657,2766 706,2766 754,2766 802,2766 851,2766 899,2766 948,2766 996,2766 1045,2766 1093,2768 1142,2768 1190,2769 1239,2771"/>
                <Word id="r_8_1l40_w1" custom="readingOrder {index:0;}">
                    <Coords points="268,2728 268,2788 413,2788 413,2728"/>
                    <TextEquiv>
                        <Unicode>succus,</Unicode>
                    </TextEquiv>
                </Word>
                <Word id="r_8_1l40_w2" custom="readingOrder {index:1;}">
                    <Coords points="423,2726 423,2786 500,2786 500,2726"/>
                    <TextEquiv>
                        <Unicode>cum</Unicode>
                    </TextEquiv>
                </Word>
                <Word id="r_8_1l40_w3" custom="readingOrder {index:2;}">
                    <Coords points="516,2726 516,2786 609,2786 609,2726"/>
                    <TextEquiv>
                        <Unicode>irino</Unicode>
                    </TextEquiv>
                </Word>
                <Word id="r_8_1l40_w4" custom="readingOrder {index:3;}">
                    <Coords points="629,2726 629,2786 851,2786 851,2726"/>
                    <TextEquiv>
                        <Unicode>unguento,</Unicode>
                    </TextEquiv>
                </Word>
                <Word id="r_8_1l40_w5" custom="readingOrder {index:4;}">
                    <Coords points="867,2726 867,2786 970,2786 970,2726"/>
                    <TextEquiv>
                        <Unicode>melle</Unicode>
                    </TextEquiv>
                </Word>
                <Word id="r_8_1l40_w6" custom="readingOrder {index:5;}">
                    <Coords points="986,2726 986,2786 1048,2786 1048,2726"/>
                    <TextEquiv>
                        <Unicode>aut</Unicode>
                    </TextEquiv>
                </Word>
                <Word id="r_8_1l40_w7" custom="readingOrder {index:6;}">
                    <Coords points="1068,2728 1068,2788 1161,2788 1161,2728"/>
                    <TextEquiv>
                        <Unicode>nitro</Unicode>
                    </TextEquiv>
                </Word>
                <Word id="r_8_1l40_w8" custom="readingOrder {index:7;}">
                    <Coords points="1176,2729 1176,2789 1249,2789 1249,2729"/>
                    <TextEquiv>
                        <Unicode>na¬</Unicode>
                    </TextEquiv>
                </Word>
                <TextEquiv>
                    <Unicode>succus, cum irino unguento, melle aut nitro na¬</Unicode>
                </TextEquiv>
            </TextLine>
            <TextLine id="r_8_1l41" custom="readingOrder {index:41;}">
                <Coords points="256,2838 1156,2842 1241,2834 1241,2772 256,2778"/>
                <Baseline points="269,2813 316,2814 364,2816 412,2816 460,2816 508,2817 556,2817 604,2817 652,2817 700,2817 748,2816 795,2816 843,2816 891,2816 939,2816 987,2816 1035,2816 1083,2816 1131,2817 1179,2817 1227,2819"/>
                <Word id="r_8_1l41_w1" custom="readingOrder {index:0;}">
                    <Coords points="262,2773 262,2833 331,2833 331,2773"/>
                    <TextEquiv>
                        <Unicode>rib.</Unicode>
                    </TextEquiv>
                </Word>
                <Word id="r_8_1l41_w2" custom="readingOrder {index:1;}">
                    <Coords points="336,2776 336,2836 562,2836 562,2776"/>
                    <TextEquiv>
                        <Unicode>infunditur:</Unicode>
                    </TextEquiv>
                </Word>
                <Word id="r_8_1l41_w3" custom="readingOrder {index:2;}">
                    <Coords points="573,2777 573,2837 605,2837 605,2777"/>
                    <TextEquiv>
                        <Unicode>&amp;</Unicode>
                    </TextEquiv>
                </Word>
                <Word id="r_8_1l41_w4" custom="readingOrder {index:3;}">
                    <Coords points="621,2777 621,2837 750,2837 750,2777"/>
                    <TextEquiv>
                        <Unicode>contra</Unicode>
                    </TextEquiv>
                </Word>
                <Word id="r_8_1l41_w5" custom="readingOrder {index:4;}">
                    <Coords points="766,2776 766,2836 906,2836 906,2776"/>
                    <TextEquiv>
                        <Unicode>veteres</Unicode>
                    </TextEquiv>
                </Word>
                <Word id="r_8_1l41_w6" custom="readingOrder {index:5;}">
                    <Coords points="923,2776 923,2836 1046,2836 1046,2776"/>
                    <TextEquiv>
                        <Unicode>capitis</Unicode>
                    </TextEquiv>
                </Word>
                <Word id="r_8_1l41_w7" custom="readingOrder {index:6;}">
                    <Coords points="1068,2777 1068,2837 1234,2837 1234,2777"/>
                    <TextEquiv>
                        <Unicode>dolores,</Unicode>
                    </TextEquiv>
                </Word>
                <TextEquiv>
                    <Unicode>rib. infunditur: &amp; contra veteres capitis dolores,</Unicode>
                </TextEquiv>
            </TextLine>
            <TextLine id="r_8_1l42" custom="readingOrder {index:42;}">
                <Coords points="266,2872 1246,2886 1246,2828 1206,2826 266,2840"/>
                <Baseline points="278,2865 325,2865 373,2867 421,2867 469,2867 516,2867 564,2867 612,2867 660,2867 707,2867 755,2865 803,2865 851,2865 898,2865 946,2865 994,2865 1042,2865 1089,2865 1137,2865 1185,2867 1233,2867"/>
                <Word id="r_8_1l42_w1" custom="readingOrder {index:0;}">
                    <Coords points="278,2825 278,2885 390,2885 390,2825"/>
                    <TextEquiv>
                        <Unicode>caput</Unicode>
                    </TextEquiv>
                </Word>
                <Word id="r_8_1l42_w2" custom="readingOrder {index:1;}">
                    <Coords points="407,2827 407,2887 446,2887 446,2827"/>
                    <TextEquiv>
                        <Unicode>eo</Unicode>
                    </TextEquiv>
                </Word>
                <Word id="r_8_1l42_w3" custom="readingOrder {index:2;}">
                    <Coords points="468,2827 468,2887 514,2887 514,2827"/>
                    <TextEquiv>
                        <Unicode>cum</Unicode>
                    </TextEquiv>
                </Word>
                <Word id="r_8_1l42_w4" custom="readingOrder {index:3;}">
                    <Coords points="530,2827 530,2887 637,2887 637,2827"/>
                    <TextEquiv>
                        <Unicode>aceto</Unicode>
                    </TextEquiv>
                </Word>
                <Word id="r_8_1l42_w5" custom="readingOrder {index:4;}">
                    <Coords points="660,2827 660,2887 693,2887 693,2827"/>
                    <TextEquiv>
                        <Unicode>&amp;</Unicode>
                    </TextEquiv>
                </Word>
                <Word id="r_8_1l42_w6" custom="readingOrder {index:5;}">
                    <Coords points="710,2825 710,2885 856,2885 856,2825"/>
                    <TextEquiv>
                        <Unicode>rosaceo</Unicode>
                    </TextEquiv>
                </Word>
                <Word id="r_8_1l42_w7" custom="readingOrder {index:6;}">
                    <Coords points="879,2825 879,2885 1053,2885 1053,2825"/>
                    <TextEquiv>
                        <Unicode>perfundi</Unicode>
                    </TextEquiv>
                </Word>
                <Word id="r_8_1l42_w8" custom="readingOrder {index:7;}">
                    <Coords points="1075,2825 1075,2885 1159,2885 1159,2825"/>
                    <TextEquiv>
                        <Unicode>utile</Unicode>
                    </TextEquiv>
                </Word>
                <Word id="r_8_1l42_w9" custom="readingOrder {index:8;}">
                    <Coords points="1182,2827 1182,2887 1244,2887 1244,2827"/>
                    <TextEquiv>
                        <Unicode>est:</Unicode>
                    </TextEquiv>
                </Word>
                <TextEquiv>
                    <Unicode>caput eo cum aceto &amp; rosaceo perfundi utile est:</Unicode>
                </TextEquiv>
            </TextLine>
            <TextLine id="r_8_1l43" custom="readingOrder {index:43;}">
                <Coords points="269,2938 1249,2930 1249,2890 1154,2875 269,2876"/>
                <Baseline points="282,2915 329,2915 377,2915 425,2915 472,2915 520,2915 568,2916 615,2916 663,2916 711,2916 759,2916 806,2916 854,2916 902,2916 949,2916 997,2916 1045,2916 1092,2916 1140,2916 1188,2918 1236,2918"/>
                <Word id="r_8_1l43_w1" custom="readingOrder {index:0;}">
                    <Coords points="274,2875 274,2935 484,2935 484,2875"/>
                    <TextEquiv>
                        <Unicode>purulentis</Unicode>
                    </TextEquiv>
                </Word>
                <Word id="r_8_1l43_w2" custom="readingOrder {index:1;}">
                    <Coords points="500,2876 500,2936 663,2936 663,2876"/>
                    <TextEquiv>
                        <Unicode>auribus,</Unicode>
                    </TextEquiv>
                </Word>
                <Word id="r_8_1l43_w3" custom="readingOrder {index:2;}">
                    <Coords points="674,2876 674,2936 737,2936 737,2876"/>
                    <TextEquiv>
                        <Unicode>aut</Unicode>
                    </TextEquiv>
                </Word>
                <Word id="r_8_1l43_w4" custom="readingOrder {index:3;}">
                    <Coords points="759,2876 759,2936 995,2936 995,2876"/>
                    <TextEquiv>
                        <Unicode>dolentibus,</Unicode>
                    </TextEquiv>
                </Word>
                <Word id="r_8_1l43_w5" custom="readingOrder {index:4;}">
                    <Coords points="1011,2876 1011,2936 1058,2936 1058,2876"/>
                    <TextEquiv>
                        <Unicode>cum</Unicode>
                    </TextEquiv>
                </Word>
                <Word id="r_8_1l43_w6" custom="readingOrder {index:5;}">
                    <Coords points="1074,2876 1074,2936 1153,2936 1153,2876"/>
                    <TextEquiv>
                        <Unicode>oleo</Unicode>
                    </TextEquiv>
                </Word>
                <Word id="r_8_1l43_w7" custom="readingOrder {index:6;}">
                    <Coords points="1174,2878 1174,2938 1247,2938 1247,2878"/>
                    <TextEquiv>
                        <Unicode>me¬</Unicode>
                    </TextEquiv>
                </Word>
                <TextEquiv>
                    <Unicode>purulentis auribus, aut dolentibus, cum oleo me¬</Unicode>
                </TextEquiv>
            </TextLine>
            <TextLine id="r_8_1l44" custom="readingOrder {index:44;}">
                <Coords points="269,2988 1224,2989 1241,2932 269,2938"/>
                <Baseline points="281,2966 328,2966 375,2966 423,2966 470,2966 518,2966 565,2966 613,2966 660,2966 708,2966 755,2966 802,2966 850,2966 897,2966 945,2966 992,2967 1040,2967 1087,2967 1135,2967 1182,2967 1230,2967"/>
                <Word id="r_8_1l44_w1" custom="readingOrder {index:0;}">
                    <Coords points="275,2926 275,2986 403,2986 403,2926"/>
                    <TextEquiv>
                        <Unicode>detur.</Unicode>
                    </TextEquiv>
                </Word>
                <Word id="r_8_1l44_w2" custom="readingOrder {index:1;}">
                    <Coords points="419,2926 419,2986 542,2986 542,2926"/>
                    <TextEquiv>
                        <Unicode>Nigrae</Unicode>
                    </TextEquiv>
                </Word>
                <Word id="r_8_1l44_w3" custom="readingOrder {index:2;}">
                    <Coords points="553,2926 553,2986 704,2986 704,2926"/>
                    <TextEquiv>
                        <Unicode>hederae</Unicode>
                    </TextEquiv>
                </Word>
                <Word id="r_8_1l44_w4" custom="readingOrder {index:3;}">
                    <Coords points="715,2926 715,2986 855,2986 855,2926"/>
                    <TextEquiv>
                        <Unicode>succus,</Unicode>
                    </TextEquiv>
                </Word>
                <Word id="r_8_1l44_w5" custom="readingOrder {index:4;}">
                    <Coords points="866,2926 866,2986 922,2986 922,2926"/>
                    <TextEquiv>
                        <Unicode>aut</Unicode>
                    </TextEquiv>
                </Word>
                <Word id="r_8_1l44_w6" custom="readingOrder {index:5;}">
                    <Coords points="938,2926 938,2986 1038,2986 1038,2926"/>
                    <TextEquiv>
                        <Unicode>epoti</Unicode>
                    </TextEquiv>
                </Word>
                <Word id="r_8_1l44_w7" custom="readingOrder {index:6;}">
                    <Coords points="1055,2927 1055,2987 1239,2987 1239,2927"/>
                    <TextEquiv>
                        <Unicode>corymbi,</Unicode>
                    </TextEquiv>
                </Word>
                <TextEquiv>
                    <Unicode>detur. Nigrae hederae succus, aut epoti corymbi,</Unicode>
                </TextEquiv>
            </TextLine>
            <TextLine id="r_8_1l45" custom="readingOrder {index:45;}">
                <Coords points="263,3023 1243,3029 1243,2982 1198,2974 263,2983"/>
                <Baseline points="276,3014 323,3015 371,3015 419,3015 466,3015 514,3015 562,3015 609,3015 657,3014 705,3014 753,3014 800,3014 848,3014 896,3014 943,3014 991,3015 1039,3015 1086,3015 1134,3017 1182,3017 1230,3018"/>
                <Word id="r_8_1l45_w1" custom="readingOrder {index:0;}">
                    <Coords points="270,2975 270,3035 413,3035 413,2975"/>
                    <TextEquiv>
                        <Unicode>corpus</Unicode>
                    </TextEquiv>
                </Word>
                <Word id="r_8_1l45_w2" custom="readingOrder {index:1;}">
                    <Coords points="431,2975 431,3035 651,3035 651,2975"/>
                    <TextEquiv>
                        <Unicode>infirmant,</Unicode>
                    </TextEquiv>
                </Word>
                <Word id="r_8_1l45_w3" custom="readingOrder {index:2;}">
                    <Coords points="669,2974 669,3034 913,3034 913,2974"/>
                    <TextEquiv>
                        <Unicode>mentemque</Unicode>
                    </TextEquiv>
                </Word>
                <Word id="r_8_1l45_w4" custom="readingOrder {index:3;}">
                    <Coords points="937,2975 937,3035 1085,3035 1085,2975"/>
                    <TextEquiv>
                        <Unicode>turbant</Unicode>
                    </TextEquiv>
                </Word>
                <Word id="r_8_1l45_w5" custom="readingOrder {index:4;}">
                    <Coords points="1103,2977 1103,3037 1234,3037 1234,2977"/>
                    <TextEquiv>
                        <Unicode>largiùs</Unicode>
                    </TextEquiv>
                </Word>
                <TextEquiv>
                    <Unicode>corpus infirmant, mentemque turbant largiùs</Unicode>
                </TextEquiv>
            </TextLine>
            <TextLine id="r_8_1l46" custom="readingOrder {index:46;}">
                <Coords points="267,3073 1239,3077 1239,3042 1130,3024 267,3023"/>
                <Baseline points="279,3063 326,3063 373,3063 421,3063 468,3063 516,3065 563,3065 610,3065 658,3065 705,3065 753,3065 800,3065 847,3065 895,3065 942,3065 990,3066 1037,3066 1084,3066 1132,3066 1179,3066 1227,3066"/>
                <Word id="r_8_1l46_w1" custom="readingOrder {index:0;}">
                    <Coords points="274,3023 274,3083 396,3083 396,3023"/>
                    <TextEquiv>
                        <Unicode>sumti.</Unicode>
                    </TextEquiv>
                </Word>
                <Word id="r_8_1l46_w2" custom="readingOrder {index:1;}">
                    <Coords points="407,3023 407,3083 506,3083 506,3023"/>
                    <TextEquiv>
                        <Unicode>Acini</Unicode>
                    </TextEquiv>
                </Word>
                <Word id="r_8_1l46_w3" custom="readingOrder {index:2;}">
                    <Coords points="523,3025 523,3085 651,3085 651,3025"/>
                    <TextEquiv>
                        <Unicode>quinque</Unicode>
                    </TextEquiv>
                </Word>
                <Word id="r_8_1l46_w4" custom="readingOrder {index:3;}">
                    <Coords points="662,3025 662,3085 749,3085 749,3025"/>
                    <TextEquiv>
                        <Unicode>triti,</Unicode>
                    </TextEquiv>
                </Word>
                <Word id="r_8_1l46_w5" custom="readingOrder {index:4;}">
                    <Coords points="761,3025 761,3085 952,3085 952,3025"/>
                    <TextEquiv>
                        <Unicode>calfactique</Unicode>
                    </TextEquiv>
                </Word>
                <Word id="r_8_1l46_w6" custom="readingOrder {index:5;}">
                    <Coords points="964,3025 964,3085 998,3085 998,3025"/>
                    <TextEquiv>
                        <Unicode>in</Unicode>
                    </TextEquiv>
                </Word>
                <Word id="r_8_1l46_w7" custom="readingOrder {index:6;}">
                    <Coords points="1016,3026 1016,3086 1138,3086 1138,3026"/>
                    <TextEquiv>
                        <Unicode>punici</Unicode>
                    </TextEquiv>
                </Word>
                <Word id="r_8_1l46_w8" custom="readingOrder {index:7;}">
                    <Coords points="1150,3026 1150,3086 1230,3086 1230,3026"/>
                    <TextEquiv>
                        <Unicode>ma¬</Unicode>
                    </TextEquiv>
                </Word>
                <TextEquiv>
                    <Unicode>sumti. Acini quinque triti, calfactique in punici ma¬</Unicode>
                </TextEquiv>
            </TextLine>
            <TextLine id="r_8_1l47" custom="readingOrder {index:47;}">
                <Coords points="251,3121 1153,3139 1243,3134 1244,3079 251,3069"/>
                <Baseline points="263,3113 311,3113 359,3113 408,3113 456,3113 504,3113 553,3113 601,3113 649,3113 698,3114 746,3114 794,3114 843,3114 891,3116 939,3116 988,3116 1036,3116 1084,3117 1133,3117 1181,3117 1230,3117"/>
                <Word id="r_8_1l47_w1" custom="readingOrder {index:0;}">
                    <Coords points="251,3073 251,3133 284,3133 284,3073"/>
                    <TextEquiv>
                        <Unicode>li</Unicode>
                    </TextEquiv>
                </Word>
                <Word id="r_8_1l47_w2" custom="readingOrder {index:1;}">
                    <Coords points="300,3073 300,3133 432,3133 432,3073"/>
                    <TextEquiv>
                        <Unicode>corticè</Unicode>
                    </TextEquiv>
                </Word>
                <Word id="r_8_1l47_w3" custom="readingOrder {index:2;}">
                    <Coords points="453,3073 453,3133 536,3133 536,3073"/>
                    <TextEquiv>
                        <Unicode>cum</Unicode>
                    </TextEquiv>
                </Word>
                <Word id="r_8_1l47_w4" custom="readingOrder {index:3;}">
                    <Coords points="558,3073 558,3133 733,3133 733,3073"/>
                    <TextEquiv>
                        <Unicode>rosaceo,</Unicode>
                    </TextEquiv>
                </Word>
                <Word id="r_8_1l47_w5" custom="readingOrder {index:4;}">
                    <Coords points="744,3074 744,3134 766,3134 766,3074"/>
                    <TextEquiv>
                        <Unicode>si</Unicode>
                    </TextEquiv>
                </Word>
                <Word id="r_8_1l47_w6" custom="readingOrder {index:5;}">
                    <Coords points="782,3076 782,3136 1007,3136 1007,3076"/>
                    <TextEquiv>
                        <Unicode>instillentur</Unicode>
                    </TextEquiv>
                </Word>
                <Word id="r_8_1l47_w7" custom="readingOrder {index:6;}">
                    <Coords points="1028,3076 1028,3136 1040,3136 1040,3076"/>
                    <TextEquiv>
                        <Unicode>à</Unicode>
                    </TextEquiv>
                </Word>
                <Word id="r_8_1l47_w8" custom="readingOrder {index:7;}">
                    <Coords points="1062,3077 1062,3137 1242,3137 1242,3077"/>
                    <TextEquiv>
                        <Unicode>contraria</Unicode>
                    </TextEquiv>
                </Word>
                <TextEquiv>
                    <Unicode>li corticè cum rosaceo, si instillentur à contraria</Unicode>
                </TextEquiv>
            </TextLine>
            <TextLine id="r_8_1l48" custom="readingOrder {index:48;}">
                <Coords points="245,3186 1080,3189 1235,3172 1235,3129 245,3138"/>
                <Baseline points="257,3165 305,3164 353,3162 401,3162 450,3162 498,3162 546,3162 595,3162 643,3162 691,3162 740,3162 788,3163 836,3164 884,3164 933,3164 981,3165 1029,3165 1078,3165 1126,3165 1174,3165 1223,3165"/>
                <Word id="r_8_1l48_w1" custom="readingOrder {index:0;}">
                    <Coords points="256,3123 256,3183 363,3183 363,3123"/>
                    <TextEquiv>
                        <Unicode>aure,</Unicode>
                    </TextEquiv>
                </Word>
                <Word id="r_8_1l48_w2" custom="readingOrder {index:1;}">
                    <Coords points="373,3122 373,3182 544,3182 544,3122"/>
                    <TextEquiv>
                        <Unicode>dolorem</Unicode>
                    </TextEquiv>
                </Word>
                <Word id="r_8_1l48_w3" custom="readingOrder {index:2;}">
                    <Coords points="565,3122 565,3182 726,3182 726,3122"/>
                    <TextEquiv>
                        <Unicode>dentium</Unicode>
                    </TextEquiv>
                </Word>
                <Word id="r_8_1l48_w4" custom="readingOrder {index:3;}">
                    <Coords points="747,3124 747,3184 929,3184 929,3124"/>
                    <TextEquiv>
                        <Unicode>mitigant.</Unicode>
                    </TextEquiv>
                </Word>
                <Word id="r_8_1l48_w5" custom="readingOrder {index:4;}">
                    <Coords points="945,3125 945,3185 1148,3185 1148,3125"/>
                    <TextEquiv>
                        <Unicode>Denigrant</Unicode>
                    </TextEquiv>
                </Word>
                <Word id="r_8_1l48_w6" custom="readingOrder {index:5;}">
                    <Coords points="1164,3125 1164,3185 1223,3185 1223,3125"/>
                    <TextEquiv>
                        <Unicode>ca¬</Unicode>
                    </TextEquiv>
                </Word>
                <TextEquiv>
                    <Unicode>aure, dolorem dentium mitigant. Denigrant ca¬</Unicode>
                </TextEquiv>
            </TextLine>
            <TextLine id="r_8_1l49" custom="readingOrder {index:49;}">
                <Coords points="258,3232 1233,3239 1233,3189 1154,3171 258,3185"/>
                <Baseline points="270,3212 317,3212 365,3210 412,3210 460,3210 507,3210 555,3210 602,3210 650,3212 697,3212 745,3212 793,3213 840,3213 888,3215 935,3215 983,3215 1030,3216 1078,3216 1125,3216 1173,3216 1221,3215"/>
                <Word id="r_8_1l49_w1" custom="readingOrder {index:0;}">
                    <Coords points="264,3171 264,3231 400,3231 400,3171"/>
                    <TextEquiv>
                        <Unicode>pillum</Unicode>
                    </TextEquiv>
                </Word>
                <Word id="r_8_1l49_w2" custom="readingOrder {index:1;}">
                    <Coords points="417,3170 417,3230 493,3230 493,3170"/>
                    <TextEquiv>
                        <Unicode>illiti</Unicode>
                    </TextEquiv>
                </Word>
                <Word id="r_8_1l49_w3" custom="readingOrder {index:2;}">
                    <Coords points="515,3170 515,3230 696,3230 696,3170"/>
                    <TextEquiv>
                        <Unicode>corymbi.</Unicode>
                    </TextEquiv>
                </Word>
                <Word id="r_8_1l49_w4" custom="readingOrder {index:3;}">
                    <Coords points="723,3172 723,3232 821,3232 821,3172"/>
                    <TextEquiv>
                        <Unicode>Folia</Unicode>
                    </TextEquiv>
                </Word>
                <Word id="r_8_1l49_w5" custom="readingOrder {index:4;}">
                    <Coords points="838,3173 838,3233 870,3233 870,3173"/>
                    <TextEquiv>
                        <Unicode>in</Unicode>
                    </TextEquiv>
                </Word>
                <Word id="r_8_1l49_w6" custom="readingOrder {index:5;}">
                    <Coords points="887,3175 887,3235 969,3235 969,3175"/>
                    <TextEquiv>
                        <Unicode>vino</Unicode>
                    </TextEquiv>
                </Word>
                <Word id="r_8_1l49_w7" custom="readingOrder {index:6;}">
                    <Coords points="991,3176 991,3236 1144,3236 1144,3176"/>
                    <TextEquiv>
                        <Unicode>decocta</Unicode>
                    </TextEquiv>
                </Word>
                <Word id="r_8_1l49_w8" custom="readingOrder {index:7;}">
                    <Coords points="1160,3175 1160,3235 1231,3235 1231,3175"/>
                    <TextEquiv>
                        <Unicode>illi¬</Unicode>
                    </TextEquiv>
                </Word>
                <TextEquiv>
                    <Unicode>pillum illiti corymbi. Folia in vino decocta illi¬</Unicode>
                </TextEquiv>
            </TextLine>
            <TextLine id="r_8_1l50" custom="readingOrder {index:50;}">
                <Coords points="253,3285 1233,3278 1233,3238 1188,3227 253,3230"/>
                <Baseline points="266,3260 313,3260 361,3261 409,3261 457,3262 504,3263 552,3263 600,3264 648,3264 695,3264 743,3266 791,3266 839,3266 886,3266 934,3267 982,3267 1030,3267 1077,3267 1125,3267 1173,3267 1221,3267"/>
                <Word id="r_8_1l50_w1" custom="readingOrder {index:0;}">
                    <Coords points="260,3220 260,3280 406,3280 406,3220"/>
                    <TextEquiv>
                        <Unicode>nuntur</Unicode>
                    </TextEquiv>
                </Word>
                <Word id="r_8_1l50_w2" custom="readingOrder {index:1;}">
                    <Coords points="423,3223 423,3283 593,3283 593,3223"/>
                    <TextEquiv>
                        <Unicode>omnium</Unicode>
                    </TextEquiv>
                </Word>
                <Word id="r_8_1l50_w3" custom="readingOrder {index:2;}">
                    <Coords points="611,3224 611,3284 774,3284 774,3224"/>
                    <TextEquiv>
                        <Unicode>ulcerum</Unicode>
                    </TextEquiv>
                </Word>
                <Word id="r_8_1l50_w4" custom="readingOrder {index:3;}">
                    <Coords points="792,3226 792,3286 932,3286 932,3226"/>
                    <TextEquiv>
                        <Unicode>generi,</Unicode>
                    </TextEquiv>
                </Word>
                <Word id="r_8_1l50_w5" custom="readingOrder {index:4;}">
                    <Coords points="944,3227 944,3287 1084,3287 1084,3227"/>
                    <TextEquiv>
                        <Unicode>etiamsi</Unicode>
                    </TextEquiv>
                </Word>
                <Word id="r_8_1l50_w6" custom="readingOrder {index:5;}">
                    <Coords points="1102,3227 1102,3287 1230,3287 1230,3227"/>
                    <TextEquiv>
                        <Unicode>cacoë¬</Unicode>
                    </TextEquiv>
                </Word>
                <TextEquiv>
                    <Unicode>nuntur omnium ulcerum generi, etiamsi cacoë¬</Unicode>
                </TextEquiv>
            </TextLine>
            <TextEquiv>
                <Unicode></Unicode>
            </TextEquiv>
        </TextRegion>
        <TextRegion orientation="0.0" type="paragraph" id="r_7_1" custom="readingOrder {index:5;} structure {type:paragraph;}">
            <Coords points="1312,177 2296,177 2296,705 1312,705"/>
            <TextLine id="l" custom="readingOrder {index:0;}">
                <Coords points="1266,177 2028,162 2295,250 1266,251"/>
                <Baseline points="1266,228 1336,228 1441,228 1546,228 1651,228 1756,230 1862,230 1967,231 2072,233 2177,234 2283,236"/>
                <TextEquiv>
                    <Unicode>[A] the sint: viua cutis in facie, &amp; ambusta sanant, ut</Unicode>
                </TextEquiv>
            </TextLine>
            <TextLine id="r_7_1l1" custom="readingOrder {index:1;}">
                <Coords points="1303,284 2265,303 2286,249 1303,244"/>
                <Baseline points="1316,276 1363,278 1411,278 1459,279 1507,279 1555,279 1603,279 1650,279 1698,279 1746,279 1794,279 1842,281 1890,281 1938,281 1985,281 2033,281 2081,282 2129,282 2177,284 2225,285 2273,285"/>
                <Word id="r_7_1l1_w1" custom="readingOrder {index:0;}">
                    <Coords points="1309,238 1309,298 1419,298 1419,238"/>
                    <TextEquiv>
                        <Unicode>antea</Unicode>
                    </TextEquiv>
                </Word>
                <Word id="r_7_1l1_w2" custom="readingOrder {index:1;}">
                    <Coords points="1440,239 1440,299 1615,299 1615,239"/>
                    <TextEquiv>
                        <Unicode>diximus,</Unicode>
                    </TextEquiv>
                </Word>
                <Word id="r_7_1l1_w3" custom="readingOrder {index:2;}">
                    <Coords points="1626,239 1626,299 1802,299 1802,239"/>
                    <TextEquiv>
                        <Unicode>decocta.</Unicode>
                    </TextEquiv>
                </Word>
                <Word id="r_7_1l1_w4" custom="readingOrder {index:3;}">
                    <Coords points="1824,241 1824,301 1983,301 1983,241"/>
                    <TextEquiv>
                        <Unicode>Movent</Unicode>
                    </TextEquiv>
                </Word>
                <Word id="r_7_1l1_w5" custom="readingOrder {index:4;}">
                    <Coords points="1994,241 1994,301 2136,301 2136,241"/>
                    <TextEquiv>
                        <Unicode>menses</Unicode>
                    </TextEquiv>
                </Word>
                <Word id="r_7_1l1_w6" custom="readingOrder {index:5;}">
                    <Coords points="2158,244 2158,304 2240,304 2240,244"/>
                    <TextEquiv>
                        <Unicode>triti,</Unicode>
                    </TextEquiv>
                </Word>
                <Word id="r_7_1l1_w7" custom="readingOrder {index:6;}">
                    <Coords points="2251,245 2251,305 2289,305 2289,245"/>
                    <TextEquiv>
                        <Unicode>&amp;</Unicode>
                    </TextEquiv>
                </Word>
                <TextEquiv>
                    <Unicode>antea diximus, decocta. Movent menses triti, &amp;</Unicode>
                </TextEquiv>
            </TextLine>
            <TextLine id="r_7_1l2" custom="readingOrder {index:2;}">
                <Coords points="1305,336 2275,357 2298,299 1305,286"/>
                <Baseline points="1317,326 1365,327 1413,327 1462,327 1510,329 1559,329 1607,329 1656,329 1704,330 1753,330 1801,330 1849,330 1898,330 1946,332 1995,332 2043,332 2092,333 2140,333 2189,333 2237,335 2286,336"/>
                <Word id="r_7_1l2_w1" custom="readingOrder {index:0;}">
                    <Coords points="1313,287 1313,347 1447,347 1447,287"/>
                    <TextEquiv>
                        <Unicode>subditi</Unicode>
                    </TextEquiv>
                </Word>
                <Word id="r_7_1l2_w2" custom="readingOrder {index:1;}">
                    <Coords points="1465,289 1465,349 1654,349 1654,289"/>
                    <TextEquiv>
                        <Unicode>corymbi:</Unicode>
                    </TextEquiv>
                </Word>
                <Word id="r_7_1l2_w3" custom="readingOrder {index:2;}">
                    <Coords points="1673,290 1673,350 1788,350 1788,290"/>
                    <TextEquiv>
                        <Unicode>iidem</Unicode>
                    </TextEquiv>
                </Word>
                <Word id="r_7_1l2_w4" custom="readingOrder {index:3;}">
                    <Coords points="1807,290 1807,350 1910,350 1910,290"/>
                    <TextEquiv>
                        <Unicode>poti,</Unicode>
                    </TextEquiv>
                </Word>
                <Word id="r_7_1l2_w5" custom="readingOrder {index:4;}">
                    <Coords points="1929,292 1929,352 2014,352 2014,292"/>
                    <TextEquiv>
                        <Unicode>post</Unicode>
                    </TextEquiv>
                </Word>
                <Word id="r_7_1l2_w6" custom="readingOrder {index:5;}">
                    <Coords points="2039,293 2039,353 2283,353 2283,293"/>
                    <TextEquiv>
                        <Unicode>purgationes</Unicode>
                    </TextEquiv>
                </Word>
                <TextEquiv>
                    <Unicode>subditi corymbi: iidem poti, post purgationes</Unicode>
                </TextEquiv>
            </TextLine>
            <TextLine id="r_7_1l3" custom="readingOrder {index:3;}">
                <Coords points="1300,399 2195,407 2287,400 2288,355 1300,336"/>
                <Baseline points="1313,377 1361,377 1409,378 1457,378 1505,380 1553,380 1601,380 1649,380 1697,380 1745,380 1793,381 1841,381 1889,381 1937,381 1985,381 2033,381 2081,383 2129,383 2177,383 2225,384 2274,386"/>
                <Word id="r_7_1l3_w1" custom="readingOrder {index:0;}">
                    <Coords points="1307,338 1307,398 1531,398 1531,338"/>
                    <TextEquiv>
                        <Unicode>foeminarum,</Unicode>
                    </TextEquiv>
                </Word>
                <Word id="r_7_1l3_w2" custom="readingOrder {index:1;}">
                    <Coords points="1543,340 1543,400 1720,400 1720,340"/>
                    <TextEquiv>
                        <Unicode>drachmę</Unicode>
                    </TextEquiv>
                </Word>
                <Word id="r_7_1l3_w3" custom="readingOrder {index:2;}">
                    <Coords points="1737,341 1737,401 1920,401 1920,341"/>
                    <TextEquiv>
                        <Unicode>pondere,</Unicode>
                    </TextEquiv>
                </Word>
                <Word id="r_7_1l3_w4" custom="readingOrder {index:3;}">
                    <Coords points="1932,341 1932,401 2174,401 2174,341"/>
                    <TextEquiv>
                        <Unicode>concipiendi</Unicode>
                    </TextEquiv>
                </Word>
                <Word id="r_7_1l3_w5" custom="readingOrder {index:4;}">
                    <Coords points="2185,344 2185,404 2285,404 2285,344"/>
                    <TextEquiv>
                        <Unicode>spem</Unicode>
                    </TextEquiv>
                </Word>
                <TextEquiv>
                    <Unicode>foeminarum, drachmę pondere, concipiendi spem</Unicode>
                </TextEquiv>
            </TextLine>
            <TextLine id="r_7_1l4" custom="readingOrder {index:4;}">
                <Coords points="1307,444 2290,450 2290,397 1307,394"/>
                <Baseline points="1319,426 1366,428 1414,428 1462,428 1510,428 1558,428 1606,429 1653,429 1701,429 1749,429 1797,429 1845,429 1893,429 1941,429 1988,429 2036,431 2084,431 2132,432 2180,433 2228,435 2276,435"/>
                <Word id="r_7_1l4_w1" custom="readingOrder {index:0;}">
                    <Coords points="1308,388 1308,448 1499,448 1499,388"/>
                    <TextEquiv>
                        <Unicode>adimunt.</Unicode>
                    </TextEquiv>
                </Word>
                <Word id="r_7_1l4_w2" custom="readingOrder {index:1;}">
                    <Coords points="1516,389 1516,449 1707,449 1707,389"/>
                    <TextEquiv>
                        <Unicode>Pediculus</Unicode>
                    </TextEquiv>
                </Word>
                <Word id="r_7_1l4_w3" custom="readingOrder {index:2;}">
                    <Coords points="1725,389 1725,449 1910,449 1910,389"/>
                    <TextEquiv>
                        <Unicode>foliorum</Unicode>
                    </TextEquiv>
                </Word>
                <Word id="r_7_1l4_w4" custom="readingOrder {index:3;}">
                    <Coords points="1927,389 1927,449 2034,449 2034,389"/>
                    <TextEquiv>
                        <Unicode>melle</Unicode>
                    </TextEquiv>
                </Word>
                <Word id="r_7_1l4_w5" custom="readingOrder {index:4;}">
                    <Coords points="2052,392 2052,452 2237,452 2237,392"/>
                    <TextEquiv>
                        <Unicode>irrigatus,</Unicode>
                    </TextEquiv>
                </Word>
                <Word id="r_7_1l4_w6" custom="readingOrder {index:5;}">
                    <Coords points="2249,395 2249,455 2288,455 2288,395"/>
                    <TextEquiv>
                        <Unicode>ac</Unicode>
                    </TextEquiv>
                </Word>
                <TextEquiv>
                    <Unicode>adimunt. Pediculus foliorum melle irrigatus, ac</Unicode>
                </TextEquiv>
            </TextLine>
            <TextLine id="r_7_1l5" custom="readingOrder {index:5;}">
                <Coords points="1304,484 2269,514 2292,451 1304,442"/>
                <Baseline points="1316,474 1364,476 1412,477 1460,477 1508,478 1556,479 1604,479 1653,479 1701,480 1749,480 1797,480 1845,480 1893,480 1941,480 1990,480 2038,482 2086,482 2134,482 2182,482 2230,483 2279,483"/>
                <Word id="r_7_1l5_w1" custom="readingOrder {index:0;}">
                    <Coords points="1310,436 1310,496 1420,496 1420,436"/>
                    <TextEquiv>
                        <Unicode>vulvę</Unicode>
                    </TextEquiv>
                </Word>
                <Word id="r_7_1l5_w2" custom="readingOrder {index:1;}">
                    <Coords points="1436,438 1436,498 1591,498 1591,438"/>
                    <TextEquiv>
                        <Unicode>inditus,</Unicode>
                    </TextEquiv>
                </Word>
                <Word id="r_7_1l5_w3" custom="readingOrder {index:2;}">
                    <Coords points="1602,439 1602,499 1783,499 1783,439"/>
                    <TextEquiv>
                        <Unicode>menstrua</Unicode>
                    </TextEquiv>
                </Word>
                <Word id="r_7_1l5_w4" custom="readingOrder {index:3;}">
                    <Coords points="1800,440 1800,500 1833,500 1833,440"/>
                    <TextEquiv>
                        <Unicode>&amp;</Unicode>
                    </TextEquiv>
                </Word>
                <Word id="r_7_1l5_w5" custom="readingOrder {index:4;}">
                    <Coords points="1849,440 1849,500 1971,500 1971,440"/>
                    <TextEquiv>
                        <Unicode>partus</Unicode>
                    </TextEquiv>
                </Word>
                <Word id="r_7_1l5_w6" custom="readingOrder {index:5;}">
                    <Coords points="1993,442 1993,502 2164,502 2164,442"/>
                    <TextEquiv>
                        <Unicode>extrahit.</Unicode>
                    </TextEquiv>
                </Word>
                <Word id="r_7_1l5_w7" custom="readingOrder {index:6;}">
                    <Coords points="2169,443 2169,503 2295,503 2295,443"/>
                    <TextEquiv>
                        <Unicode>Instil¬</Unicode>
                    </TextEquiv>
                </Word>
                <TextEquiv>
                    <Unicode>vulvę inditus, menstrua &amp; partus extrahit. Instil¬</Unicode>
                </TextEquiv>
            </TextLine>
            <TextLine id="r_7_1l6" custom="readingOrder {index:6;}">
                <Coords points="1307,538 2289,555 2257,489 1307,486"/>
                <Baseline points="1320,527 1367,527 1415,528 1463,528 1511,528 1559,528 1606,528 1654,530 1702,530 1750,530 1798,530 1845,530 1893,530 1941,531 1989,531 2037,531 2084,531 2132,532 2180,533 2228,533 2276,534"/>
                <Word id="r_7_1l6_w1" custom="readingOrder {index:0;}">
                    <Coords points="1307,487 1307,547 1405,547 1405,487"/>
                    <TextEquiv>
                        <Unicode>latus</Unicode>
                    </TextEquiv>
                </Word>
                <Word id="r_7_1l6_w2" custom="readingOrder {index:1;}">
                    <Coords points="1427,488 1427,548 1552,548 1552,488"/>
                    <TextEquiv>
                        <Unicode>succus</Unicode>
                    </TextEquiv>
                </Word>
                <Word id="r_7_1l6_w3" custom="readingOrder {index:2;}">
                    <Coords points="1579,489 1579,549 1721,549 1721,489"/>
                    <TextEquiv>
                        <Unicode>putrida</Unicode>
                    </TextEquiv>
                </Word>
                <Word id="r_7_1l6_w4" custom="readingOrder {index:3;}">
                    <Coords points="1743,490 1743,550 1846,550 1846,490"/>
                    <TextEquiv>
                        <Unicode>taedia</Unicode>
                    </TextEquiv>
                </Word>
                <Word id="r_7_1l6_w5" custom="readingOrder {index:4;}">
                    <Coords points="1873,491 1873,551 2042,551 2042,491"/>
                    <TextEquiv>
                        <Unicode>narium,</Unicode>
                    </TextEquiv>
                </Word>
                <Word id="r_7_1l6_w6" custom="readingOrder {index:5;}">
                    <Coords points="2053,492 2053,552 2282,552 2282,492"/>
                    <TextEquiv>
                        <Unicode>graveolen¬</Unicode>
                    </TextEquiv>
                </Word>
                <TextEquiv>
                    <Unicode>latus succus putrida taedia narium, graveolen¬</Unicode>
                </TextEquiv>
            </TextLine>
            <TextLine id="r_7_1l7" custom="readingOrder {index:7;}">
                <Coords points="1309,584 2299,605 2299,553 2246,545 1309,539"/>
                <Baseline points="1322,576 1370,577 1418,578 1466,578 1514,578 1562,578 1610,579 1659,579 1707,579 1755,579 1803,579 1851,579 1899,579 1947,580 1996,581 2044,581 2092,581 2140,582 2188,582 2236,584 2285,585"/>
                <Word id="r_7_1l7_w1" custom="readingOrder {index:0;}">
                    <Coords points="1304,537 1304,597 1440,597 1440,537"/>
                    <TextEquiv>
                        <Unicode>tiamque</Unicode>
                    </TextEquiv>
                </Word>
                <Word id="r_7_1l7_w2" custom="readingOrder {index:1;}">
                    <Coords points="1452,538 1452,598 1647,598 1647,538"/>
                    <TextEquiv>
                        <Unicode>emendat,</Unicode>
                    </TextEquiv>
                </Word>
                <Word id="r_7_1l7_w3" custom="readingOrder {index:2;}">
                    <Coords points="1659,539 1659,599 1694,599 1694,539"/>
                    <TextEquiv>
                        <Unicode>&amp;</Unicode>
                    </TextEquiv>
                </Word>
                <Word id="r_7_1l7_w4" custom="readingOrder {index:3;}">
                    <Coords points="1711,539 1711,599 1853,599 1853,539"/>
                    <TextEquiv>
                        <Unicode>sanitati</Unicode>
                    </TextEquiv>
                </Word>
                <Word id="r_7_1l7_w5" custom="readingOrder {index:4;}">
                    <Coords points="1871,540 1871,600 2036,600 2036,540"/>
                    <TextEquiv>
                        <Unicode>restituit.</Unicode>
                    </TextEquiv>
                </Word>
                <Word id="r_7_1l7_w6" custom="readingOrder {index:5;}">
                    <Coords points="2066,542 2066,602 2284,602 2284,542"/>
                    <TextEquiv>
                        <Unicode>Lachryma</Unicode>
                    </TextEquiv>
                </Word>
                <TextEquiv>
                    <Unicode>tiamque emendat, &amp; sanitati restituit. Lachryma</Unicode>
                </TextEquiv>
            </TextLine>
            <TextLine id="r_7_1l8" custom="readingOrder {index:8;}">
                <Coords points="1305,638 2295,646 2295,603 2228,590 1305,583"/>
                <Baseline points="1317,626 1365,627 1413,627 1461,627 1510,629 1558,629 1606,629 1655,630 1703,630 1751,630 1800,630 1848,630 1896,630 1944,632 1993,632 2041,632 2089,632 2138,633 2186,633 2234,635 2283,635"/>
                <Word id="r_7_1l8_w1" custom="readingOrder {index:0;}">
                    <Coords points="1306,587 1306,647 1458,647 1458,587"/>
                    <TextEquiv>
                        <Unicode>hederae</Unicode>
                    </TextEquiv>
                </Word>
                <Word id="r_7_1l8_w2" custom="readingOrder {index:1;}">
                    <Coords points="1475,589 1475,649 1697,649 1697,589"/>
                    <TextEquiv>
                        <Unicode>psilothrum</Unicode>
                    </TextEquiv>
                </Word>
                <Word id="r_7_1l8_w3" custom="readingOrder {index:2;}">
                    <Coords points="1714,590 1714,650 1785,650 1785,590"/>
                    <TextEquiv>
                        <Unicode>est:</Unicode>
                    </TextEquiv>
                </Word>
                <Word id="r_7_1l8_w4" custom="readingOrder {index:3;}">
                    <Coords points="1802,590 1802,650 1896,650 1896,590"/>
                    <TextEquiv>
                        <Unicode>illitu</Unicode>
                    </TextEquiv>
                </Word>
                <Word id="r_7_1l8_w5" custom="readingOrder {index:4;}">
                    <Coords points="1919,592 1919,652 2117,652 2117,592"/>
                    <TextEquiv>
                        <Unicode>pediculos</Unicode>
                    </TextEquiv>
                </Word>
                <Word id="r_7_1l8_w6" custom="readingOrder {index:5;}">
                    <Coords points="2135,594 2135,654 2286,654 2286,594"/>
                    <TextEquiv>
                        <Unicode>enecat.</Unicode>
                    </TextEquiv>
                </Word>
                <TextEquiv>
                    <Unicode>hederae psilothrum est: illitu pediculos enecat.</Unicode>
                </TextEquiv>
            </TextLine>
            <TextLine id="r_7_1l9" custom="readingOrder {index:9;}">
                <Coords points="1311,689 2291,718 2292,645 1312,637"/>
                <Baseline points="1323,677 1370,677 1418,677 1466,678 1514,678 1562,678 1609,680 1657,680 1705,680 1753,681 1801,681 1848,682 1896,683 1944,683 1992,683 2040,683 2087,684 2135,684 2183,684 2231,684 2279,684"/>
                <Word id="r_7_1l9_w1" custom="readingOrder {index:0;}">
                    <Coords points="1311,637 1311,697 1444,697 1444,637"/>
                    <TextEquiv>
                        <Unicode>Succus</Unicode>
                    </TextEquiv>
                </Word>
                <Word id="r_7_1l9_w2" custom="readingOrder {index:1;}">
                    <Coords points="1465,638 1465,698 1630,698 1630,638"/>
                    <TextEquiv>
                        <Unicode>radicum</Unicode>
                    </TextEquiv>
                </Word>
                <Word id="r_7_1l9_w3" custom="readingOrder {index:2;}">
                    <Coords points="1652,640 1652,700 1689,700 1689,640"/>
                    <TextEquiv>
                        <Unicode>in</Unicode>
                    </TextEquiv>
                </Word>
                <Word id="r_7_1l9_w4" custom="readingOrder {index:3;}">
                    <Coords points="1705,641 1705,701 1806,701 1806,641"/>
                    <TextEquiv>
                        <Unicode>aceto</Unicode>
                    </TextEquiv>
                </Word>
                <Word id="r_7_1l9_w5" custom="readingOrder {index:4;}">
                    <Coords points="1827,642 1827,702 1955,702 1955,642"/>
                    <TextEquiv>
                        <Unicode>potus,</Unicode>
                    </TextEquiv>
                </Word>
                <Word id="r_7_1l9_w6" custom="readingOrder {index:5;}">
                    <Coords points="1966,643 1966,703 2093,703 2093,643"/>
                    <TextEquiv>
                        <Unicode>contra</Unicode>
                    </TextEquiv>
                </Word>
                <Word id="r_7_1l9_w7" custom="readingOrder {index:6;}">
                    <Coords points="2115,644 2115,704 2280,704 2280,644"/>
                    <TextEquiv>
                        <Unicode>phalan¬</Unicode>
                    </TextEquiv>
                </Word>
                <TextEquiv>
                    <Unicode>Succus radicum in aceto potus, contra phalan¬</Unicode>
                </TextEquiv>
            </TextLine>
            <TextLine id="l_2" custom="readingOrder {index:10;} textStyle {offset:17; length:11;italic:true;}">
                <Coords points="1267,694 1781,692 1781,744 1651,752 1267,752"/>
                <Baseline points="1267,728 1322,728 1397,728 1471,728 1546,728 1620,728 1695,729 1770,731"/>
                <TextEquiv>
                    <Unicode>[B] gia prodest. Dioscorides.</Unicode>
                </TextEquiv>
            </TextLine>
            <TextEquiv>
                <Unicode></Unicode>
            </TextEquiv>
        </TextRegion>
        <TextRegion orientation="0.0" type="paragraph" id="r_9_1" custom="readingOrder {index:6;} structure {type:paragraph;}">
            <Coords points="1311,741 2296,741 2296,1295 1311,1295"/>
            <TextLine id="r_9_1l1" custom="readingOrder {index:0;} textStyle {offset:36; length:7;italic:true;}">
                <Coords points="1354,792 2292,797 2292,744 2195,723 1355,737"/>
                <Baseline points="1368,776 1413,776 1459,777 1504,777 1550,777 1596,779 1641,779 1687,779 1732,779 1778,779 1824,780 1869,780 1915,780 1960,780 2006,782 2052,782 2097,783 2143,783 2188,785 2234,786 2280,788"/>
                <Word id="r_9_1l1_w1" custom="readingOrder {index:0;}">
                    <Coords points="1356,736 1356,796 1561,796 1561,736"/>
                    <TextEquiv>
                        <Unicode>LUPULUS</Unicode>
                    </TextEquiv>
                </Word>
                <Word id="r_9_1l1_w2" custom="readingOrder {index:1;}">
                    <Coords points="1586,739 1586,799 1642,799 1642,739"/>
                    <TextEquiv>
                        <Unicode>seu</Unicode>
                    </TextEquiv>
                </Word>
                <Word id="r_9_1l1_w3" custom="readingOrder {index:2;}">
                    <Coords points="1660,739 1660,799 1772,799 1772,739"/>
                    <TextEquiv>
                        <Unicode>lupus</Unicode>
                    </TextEquiv>
                </Word>
                <Word id="r_9_1l1_w4" custom="readingOrder {index:3;}">
                    <Coords points="1797,740 1797,800 1990,800 1990,740"/>
                    <TextEquiv>
                        <Unicode>salictarius</Unicode>
                    </TextEquiv>
                </Word>
                <Word id="r_9_1l1_w5" custom="readingOrder {index:4;}">
                    <Coords points="2009,742 2009,802 2115,802 2115,742"/>
                    <TextEquiv>
                        <Unicode>(Ger.</Unicode>
                    </TextEquiv>
                </Word>
                <Word id="r_9_1l1_w6" custom="readingOrder {index:5;}">
                    <Coords points="2127,745 2127,805 2276,805 2276,745"/>
                    <TextEquiv>
                        <Unicode>Hopffen.</Unicode>
                    </TextEquiv>
                </Word>
                <TextEquiv>
                    <Unicode>LUPULUS seu lupus salictarius (Ger. Hopffen.</Unicode>
                </TextEquiv>
            </TextLine>
            <TextLine id="r_9_1l2" custom="readingOrder {index:1;} textStyle {offset:6; length:10;italic:true;}">
                <Coords points="1314,846 2181,858 2291,841 2292,799 1315,779"/>
                <Baseline points="1326,824 1373,824 1421,824 1468,825 1516,825 1564,826 1611,827 1659,827 1707,828 1754,828 1802,830 1850,830 1897,831 1945,831 1993,831 2040,833 2088,833 2136,833 2183,831 2231,831 2279,831"/>
                <Word id="r_9_1l2_w1" custom="readingOrder {index:0;}">
                    <Coords points="1315,784 1315,844 1412,844 1412,784"/>
                    <TextEquiv>
                        <Unicode>GAII.</Unicode>
                    </TextEquiv>
                </Word>
                <Word id="r_9_1l2_w2" custom="readingOrder {index:1;}">
                    <Coords points="1423,784 1423,844 1464,844 1464,784"/>
                    <TextEquiv>
                        <Unicode>dis</Unicode>
                    </TextEquiv>
                </Word>
                <Word id="r_9_1l2_w3" custom="readingOrder {index:2;}">
                    <Coords points="1481,786 1481,846 1676,846 1676,786"/>
                    <TextEquiv>
                        <Unicode>Haublon.)</Unicode>
                    </TextEquiv>
                </Word>
                <Word id="r_9_1l2_w4" custom="readingOrder {index:3;}">
                    <Coords points="1693,788 1693,848 1854,848 1854,788"/>
                    <TextEquiv>
                        <Unicode>caulibus</Unicode>
                    </TextEquiv>
                </Word>
                <Word id="r_9_1l2_w5" custom="readingOrder {index:4;}">
                    <Coords points="1877,791 1877,851 2083,851 2083,791"/>
                    <TextEquiv>
                        <Unicode>aculeatis,</Unicode>
                    </TextEquiv>
                </Word>
                <Word id="r_9_1l2_w6" custom="readingOrder {index:5;}">
                    <Coords points="2106,791 2106,851 2289,851 2289,791"/>
                    <TextEquiv>
                        <Unicode>longissi¬</Unicode>
                    </TextEquiv>
                </Word>
                <TextEquiv>
                    <Unicode>Gall. du Haublon.) caulibus aculeatis, longissi¬</Unicode>
                </TextEquiv>
            </TextLine>
            <TextLine id="r_9_1l3" custom="readingOrder {index:2;}">
                <Coords points="1304,893 2256,902 2296,897 2297,837 1304,838"/>
                <Baseline points="1316,873 1364,875 1412,875 1461,875 1509,876 1558,876 1606,878 1655,878 1703,878 1752,879 1800,879 1848,879 1897,881 1945,881 1994,881 2042,882 2091,882 2139,882 2188,882 2236,882 2285,884"/>
                <Word id="r_9_1l3_w1" custom="readingOrder {index:0;}">
                    <Coords points="1305,835 1305,895 1482,895 1482,835"/>
                    <TextEquiv>
                        <Unicode>misque,</Unicode>
                    </TextEquiv>
                </Word>
                <Word id="r_9_1l3_w2" custom="readingOrder {index:1;}">
                    <Coords points="1493,835 1493,895 1523,895 1523,835"/>
                    <TextEquiv>
                        <Unicode>in</Unicode>
                    </TextEquiv>
                </Word>
                <Word id="r_9_1l3_w3" custom="readingOrder {index:2;}">
                    <Coords points="1540,838 1540,898 1711,898 1711,838"/>
                    <TextEquiv>
                        <Unicode>vepribus</Unicode>
                    </TextEquiv>
                </Word>
                <Word id="r_9_1l3_w4" custom="readingOrder {index:3;}">
                    <Coords points="1741,839 1741,899 1776,899 1776,839"/>
                    <TextEquiv>
                        <Unicode>&amp;</Unicode>
                    </TextEquiv>
                </Word>
                <Word id="r_9_1l3_w5" custom="readingOrder {index:4;}">
                    <Coords points="1793,839 1793,899 1930,899 1930,839"/>
                    <TextEquiv>
                        <Unicode>salictis</Unicode>
                    </TextEquiv>
                </Word>
                <Word id="r_9_1l3_w6" custom="readingOrder {index:5;}">
                    <Coords points="1947,841 1947,901 2077,901 2077,841"/>
                    <TextEquiv>
                        <Unicode>reptat,</Unicode>
                    </TextEquiv>
                </Word>
                <Word id="r_9_1l3_w7" custom="readingOrder {index:6;}">
                    <Coords points="2094,842 2094,902 2189,902 2189,842"/>
                    <TextEquiv>
                        <Unicode>foliis</Unicode>
                    </TextEquiv>
                </Word>
                <Word id="r_9_1l3_w8" custom="readingOrder {index:7;}">
                    <Coords points="2206,842 2206,902 2288,902 2288,842"/>
                    <TextEquiv>
                        <Unicode>vitis</Unicode>
                    </TextEquiv>
                </Word>
                <TextEquiv>
                    <Unicode>misque, in vepribus &amp; salictis reptat, foliis vitis</Unicode>
                </TextEquiv>
            </TextLine>
            <TextLine id="r_9_1l4" custom="readingOrder {index:3;}">
                <Coords points="1304,945 2261,944 2279,894 1304,895"/>
                <Baseline points="1316,924 1363,925 1411,926 1458,926 1506,927 1553,927 1601,927 1648,929 1696,929 1743,929 1791,930 1839,930 1886,930 1934,932 1981,932 2029,932 2076,932 2124,932 2171,933 2219,933 2267,933"/>
                <Word id="r_9_1l4_w1" custom="readingOrder {index:0;}">
                    <Coords points="1311,885 1311,945 1428,945 1428,885"/>
                    <TextEquiv>
                        <Unicode>albae,</Unicode>
                    </TextEquiv>
                </Word>
                <Word id="r_9_1l4_w2" custom="readingOrder {index:1;}">
                    <Coords points="1445,887 1445,947 1603,947 1603,887"/>
                    <TextEquiv>
                        <Unicode>hispidis</Unicode>
                    </TextEquiv>
                </Word>
                <Word id="r_9_1l4_w3" custom="readingOrder {index:2;}">
                    <Coords points="1621,888 1621,948 1656,948 1656,888"/>
                    <TextEquiv>
                        <Unicode>&amp;</Unicode>
                    </TextEquiv>
                </Word>
                <Word id="r_9_1l4_w4" custom="readingOrder {index:3;}">
                    <Coords points="1680,890 1680,950 1931,950 1931,890"/>
                    <TextEquiv>
                        <Unicode>nigrioribus,</Unicode>
                    </TextEquiv>
                </Word>
                <Word id="r_9_1l4_w5" custom="readingOrder {index:4;}">
                    <Coords points="1949,892 1949,952 2042,952 2042,892"/>
                    <TextEquiv>
                        <Unicode>flore</Unicode>
                    </TextEquiv>
                </Word>
                <Word id="r_9_1l4_w6" custom="readingOrder {index:5;}">
                    <Coords points="2066,892 2066,952 2206,952 2206,892"/>
                    <TextEquiv>
                        <Unicode>cinereo</Unicode>
                    </TextEquiv>
                </Word>
                <Word id="r_9_1l4_w7" custom="readingOrder {index:6;}">
                    <Coords points="2236,893 2236,953 2276,953 2276,893"/>
                    <TextEquiv>
                        <Unicode>ac</Unicode>
                    </TextEquiv>
                </Word>
                <TextEquiv>
                    <Unicode>albae, hispidis &amp; nigrioribus, flore cinereo ac</Unicode>
                </TextEquiv>
            </TextLine>
            <TextLine id="r_9_1l5" custom="readingOrder {index:4;}">
                <Coords points="1303,985 2271,999 2294,937 1303,945"/>
                <Baseline points="1316,974 1364,974 1412,975 1460,975 1508,975 1557,977 1605,977 1653,977 1701,978 1749,980 1798,980 1846,981 1894,981 1942,981 1990,981 2039,983 2087,983 2135,983 2183,981 2231,981 2280,980"/>
                <Word id="r_9_1l5_w1" custom="readingOrder {index:0;}">
                    <Coords points="1304,934 1304,994 1427,994 1427,934"/>
                    <TextEquiv>
                        <Unicode>multis</Unicode>
                    </TextEquiv>
                </Word>
                <Word id="r_9_1l5_w2" custom="readingOrder {index:1;}">
                    <Coords points="1456,935 1456,995 1580,995 1580,935"/>
                    <TextEquiv>
                        <Unicode>exilib.</Unicode>
                    </TextEquiv>
                </Word>
                <Word id="r_9_1l5_w3" custom="readingOrder {index:2;}">
                    <Coords points="1592,937 1592,997 1767,997 1767,937"/>
                    <TextEquiv>
                        <Unicode>folliculis</Unicode>
                    </TextEquiv>
                </Word>
                <Word id="r_9_1l5_w4" custom="readingOrder {index:3;}">
                    <Coords points="1795,941 1795,1001 2021,1001 2021,941"/>
                    <TextEquiv>
                        <Unicode>squamatim</Unicode>
                    </TextEquiv>
                </Word>
                <Word id="r_9_1l5_w5" custom="readingOrder {index:4;}">
                    <Coords points="2044,941 2044,1001 2286,1001 2286,941"/>
                    <TextEquiv>
                        <Unicode>compactili:</Unicode>
                    </TextEquiv>
                </Word>
                <TextEquiv>
                    <Unicode>multis exilibus folliculis squamatim compactili:</Unicode>
                </TextEquiv>
            </TextLine>
            <TextLine id="r_9_1l6" custom="readingOrder {index:5;}">
                <Coords points="1304,1049 2121,1033 2286,1062 2287,997 1304,991"/>
                <Baseline points="1316,1025 1363,1025 1411,1026 1459,1026 1507,1026 1555,1028 1603,1028 1650,1029 1698,1029 1746,1029 1794,1031 1842,1031 1890,1031 1938,1031 1985,1032 2033,1032 2081,1032 2129,1032 2177,1032 2225,1032 2273,1032"/>
                <Word id="r_9_1l6_w1" custom="readingOrder {index:0;}">
                    <Coords points="1305,985 1305,1045 1425,1045 1425,985"/>
                    <TextEquiv>
                        <Unicode>caulis</Unicode>
                    </TextEquiv>
                </Word>
                <Word id="r_9_1l6_w2" custom="readingOrder {index:1;}">
                    <Coords points="1448,986 1448,1046 1523,1046 1523,986"/>
                    <TextEquiv>
                        <Unicode>ejus</Unicode>
                    </TextEquiv>
                </Word>
                <Word id="r_9_1l6_w3" custom="readingOrder {index:2;}">
                    <Coords points="1545,988 1545,1048 1655,1048 1655,988"/>
                    <TextEquiv>
                        <Unicode>spinis</Unicode>
                    </TextEquiv>
                </Word>
                <Word id="r_9_1l6_w4" custom="readingOrder {index:3;}">
                    <Coords points="1677,989 1677,1049 1838,1049 1838,989"/>
                    <TextEquiv>
                        <Unicode>horret,</Unicode>
                    </TextEquiv>
                </Word>
                <Word id="r_9_1l6_w5" custom="readingOrder {index:4;}">
                    <Coords points="1860,992 1860,1052 2113,1052 2113,992"/>
                    <TextEquiv>
                        <Unicode>cacuminibus</Unicode>
                    </TextEquiv>
                </Word>
                <Word id="r_9_1l6_w6" custom="readingOrder {index:5;}">
                    <Coords points="2135,992 2135,1052 2216,1052 2216,992"/>
                    <TextEquiv>
                        <Unicode>tani</Unicode>
                    </TextEquiv>
                </Word>
                <Word id="r_9_1l6_w7" custom="readingOrder {index:6;}">
                    <Coords points="2239,992 2239,1052 2284,1052 2284,992"/>
                    <TextEquiv>
                        <Unicode>&amp;</Unicode>
                    </TextEquiv>
                </Word>
                <TextEquiv>
                    <Unicode>caulis ejus spinis horret, cacuminibus tani &amp;</Unicode>
                </TextEquiv>
            </TextLine>
            <TextLine id="r_9_1l7" custom="readingOrder {index:6;}">
                <Coords points="1297,1075 2284,1100 2284,1062 2225,1039 1297,1050"/>
                <Baseline points="1310,1076 1358,1076 1406,1076 1454,1076 1502,1076 1550,1077 1598,1077 1647,1077 1695,1079 1743,1079 1791,1080 1839,1080 1887,1080 1935,1082 1984,1082 2032,1082 2080,1082 2128,1082 2176,1082 2224,1080 2273,1080"/>
                <Word id="r_9_1l7_w1" custom="readingOrder {index:0;}">
                    <Coords points="1302,1036 1302,1096 1475,1096 1475,1036"/>
                    <TextEquiv>
                        <Unicode>corrudae</Unicode>
                    </TextEquiv>
                </Word>
                <Word id="r_9_1l7_w2" custom="readingOrder {index:1;}">
                    <Coords points="1490,1036 1490,1096 1606,1096 1606,1036"/>
                    <TextEquiv>
                        <Unicode>modo</Unicode>
                    </TextEquiv>
                </Word>
                <Word id="r_9_1l7_w3" custom="readingOrder {index:2;}">
                    <Coords points="1627,1037 1627,1097 1659,1097 1659,1037"/>
                    <TextEquiv>
                        <Unicode>in</Unicode>
                    </TextEquiv>
                </Word>
                <Word id="r_9_1l7_w4" custom="readingOrder {index:3;}">
                    <Coords points="1674,1039 1674,1099 1821,1099 1821,1039"/>
                    <TextEquiv>
                        <Unicode>torulos</Unicode>
                    </TextEquiv>
                </Word>
                <Word id="r_9_1l7_w5" custom="readingOrder {index:4;}">
                    <Coords points="1837,1042 1837,1102 2047,1102 2047,1042"/>
                    <TextEquiv>
                        <Unicode>turbinatis.</Unicode>
                    </TextEquiv>
                </Word>
                <Word id="r_9_1l7_w6" custom="readingOrder {index:5;}">
                    <Coords points="2067,1042 2067,1102 2188,1102 2188,1042"/>
                    <TextEquiv>
                        <Unicode>Flores</Unicode>
                    </TextEquiv>
                </Word>
                <Word id="r_9_1l7_w7" custom="readingOrder {index:6;}">
                    <Coords points="2209,1040 2209,1100 2282,1100 2282,1040"/>
                    <TextEquiv>
                        <Unicode>ha¬</Unicode>
                    </TextEquiv>
                </Word>
                <TextEquiv>
                    <Unicode>corrudae modo in torulos turbinatis. Flores ha¬</Unicode>
                </TextEquiv>
            </TextLine>
            <TextLine id="r_9_1l8" custom="readingOrder {index:7;}">
                <Coords points="1303,1132 2258,1157 2276,1089 1303,1082"/>
                <Baseline points="1316,1124 1363,1124 1410,1125 1458,1125 1505,1126 1553,1127 1600,1127 1647,1128 1695,1128 1742,1130 1790,1130 1837,1131 1884,1131 1932,1131 1979,1131 2027,1131 2074,1133 2121,1133 2169,1133 2216,1133 2264,1133"/>
                <Word id="r_9_1l8_w1" custom="readingOrder {index:0;}">
                    <Coords points="1304,1084 1304,1144 1370,1144 1370,1084"/>
                    <TextEquiv>
                        <Unicode>bet</Unicode>
                    </TextEquiv>
                </Word>
                <Word id="r_9_1l8_w2" custom="readingOrder {index:1;}">
                    <Coords points="1388,1085 1388,1145 1578,1145 1578,1085"/>
                    <TextEquiv>
                        <Unicode>foliaceos,</Unicode>
                    </TextEquiv>
                </Word>
                <Word id="r_9_1l8_w3" custom="readingOrder {index:2;}">
                    <Coords points="1589,1088 1589,1148 1814,1148 1814,1088"/>
                    <TextEquiv>
                        <Unicode>candicantes,</Unicode>
                    </TextEquiv>
                </Word>
                <Word id="r_9_1l8_w4" custom="readingOrder {index:3;}">
                    <Coords points="1831,1091 1831,1151 1893,1151 1893,1091"/>
                    <TextEquiv>
                        <Unicode>qui</Unicode>
                    </TextEquiv>
                </Word>
                <Word id="r_9_1l8_w5" custom="readingOrder {index:4;}">
                    <Coords points="1909,1091 1909,1151 1982,1151 1982,1091"/>
                    <TextEquiv>
                        <Unicode>ferè</Unicode>
                    </TextEquiv>
                </Word>
                <Word id="r_9_1l8_w6" custom="readingOrder {index:5;}">
                    <Coords points="2005,1092 2005,1152 2100,1152 2100,1092"/>
                    <TextEquiv>
                        <Unicode>allium,</Unicode>
                    </TextEquiv>
                </Word>
                <Word id="r_9_1l8_w7" custom="readingOrder {index:6;}">
                    <Coords points="2105,1093 2105,1153 2279,1153 2279,1093"/>
                    <TextEquiv>
                        <Unicode>vinumque</Unicode>
                    </TextEquiv>
                </Word>
                <TextEquiv>
                    <Unicode>bet foliaceos, candicantes, qui ferè allium, vinumque</Unicode>
                </TextEquiv>
            </TextLine>
            <TextLine id="r_9_1l9" custom="readingOrder {index:8;}">
                <Coords points="1310,1181 2282,1214 2283,1159 2116,1137 1311,1131"/>
                <Baseline points="1323,1170 1370,1172 1417,1173 1465,1175 1512,1176 1559,1176 1607,1178 1654,1178 1701,1179 1749,1179 1796,1179 1843,1179 1891,1181 1938,1181 1985,1181 2033,1181 2080,1181 2127,1181 2175,1181 2222,1182 2270,1182"/>
                <Word id="r_9_1l9_w1" custom="readingOrder {index:0;}">
                    <Coords points="1311,1132 1311,1192 1518,1192 1518,1132"/>
                    <TextEquiv>
                        <Unicode>suboleant.</Unicode>
                    </TextEquiv>
                </Word>
                <Word id="r_9_1l9_w2" custom="readingOrder {index:1;}">
                    <Coords points="1529,1137 1529,1197 1658,1197 1658,1137"/>
                    <TextEquiv>
                        <Unicode>Herba,</Unicode>
                    </TextEquiv>
                </Word>
                <Word id="r_9_1l9_w3" custom="readingOrder {index:2;}">
                    <Coords points="1670,1139 1670,1199 1860,1199 1860,1139"/>
                    <TextEquiv>
                        <Unicode>praesertim</Unicode>
                    </TextEquiv>
                </Word>
                <Word id="r_9_1l9_w4" custom="readingOrder {index:3;}">
                    <Coords points="1877,1141 1877,1201 2029,1201 2029,1141"/>
                    <TextEquiv>
                        <Unicode>germen</Unicode>
                    </TextEquiv>
                </Word>
                <Word id="r_9_1l9_w5" custom="readingOrder {index:4;}">
                    <Coords points="2057,1141 2057,1201 2130,1201 2130,1141"/>
                    <TextEquiv>
                        <Unicode>ejus</Unicode>
                    </TextEquiv>
                </Word>
                <Word id="r_9_1l9_w6" custom="readingOrder {index:5;}">
                    <Coords points="2146,1141 2146,1201 2281,1201 2281,1141"/>
                    <TextEquiv>
                        <Unicode>aequa¬</Unicode>
                    </TextEquiv>
                </Word>
                <TextEquiv>
                    <Unicode>suboleant. Herba, praesertim germen ejus aequa¬</Unicode>
                </TextEquiv>
            </TextLine>
            <TextLine id="r_9_1l10" custom="readingOrder {index:9;}">
                <Coords points="1306,1243 2286,1254 2286,1202 2226,1191 1306,1180"/>
                <Baseline points="1319,1221 1366,1223 1414,1224 1462,1225 1510,1226 1557,1227 1605,1227 1653,1229 1701,1229 1748,1229 1796,1230 1844,1230 1892,1230 1939,1230 1987,1230 2035,1230 2083,1230 2130,1232 2178,1232 2226,1232 2274,1232"/>
                <Word id="r_9_1l10_w1" custom="readingOrder {index:0;}">
                    <Coords points="1307,1181 1307,1241 1352,1241 1352,1181"/>
                    <TextEquiv>
                        <Unicode>lis</Unicode>
                    </TextEquiv>
                </Word>
                <Word id="r_9_1l10_w2" custom="readingOrder {index:1;}">
                    <Coords points="1375,1186 1375,1246 1661,1246 1661,1186"/>
                    <TextEquiv>
                        <Unicode>temperamenti</Unicode>
                    </TextEquiv>
                </Word>
                <Word id="r_9_1l10_w3" custom="readingOrder {index:2;}">
                    <Coords points="1684,1189 1684,1249 1752,1249 1752,1189"/>
                    <TextEquiv>
                        <Unicode>est,</Unicode>
                    </TextEquiv>
                </Word>
                <Word id="r_9_1l10_w4" custom="readingOrder {index:3;}">
                    <Coords points="1770,1189 1770,1249 1815,1249 1815,1189"/>
                    <TextEquiv>
                        <Unicode>ad</Unicode>
                    </TextEquiv>
                </Word>
                <Word id="r_9_1l10_w5" custom="readingOrder {index:4;}">
                    <Coords points="1832,1190 1832,1250 2073,1250 2073,1190"/>
                    <TextEquiv>
                        <Unicode>frigiditatem</Unicode>
                    </TextEquiv>
                </Word>
                <Word id="r_9_1l10_w6" custom="readingOrder {index:5;}">
                    <Coords points="2090,1192 2090,1252 2283,1252 2283,1192"/>
                    <TextEquiv>
                        <Unicode>declinan¬</Unicode>
                    </TextEquiv>
                </Word>
                <TextEquiv>
                    <Unicode>[C] lis temperamenti est, ad frigiditatem declinan¬</Unicode>
                </TextEquiv>
            </TextLine>
            <TextLine id="r_9_1l11" custom="readingOrder {index:10;}">
                <Coords points="1308,1280 2283,1297 2283,1252 2238,1239 1308,1233"/>
                <Baseline points="1320,1271 1367,1272 1415,1274 1462,1274 1510,1275 1557,1277 1605,1277 1652,1278 1700,1278 1747,1278 1795,1280 1843,1280 1890,1280 1938,1281 1985,1281 2033,1281 2080,1281 2128,1281 2175,1281 2223,1280 2271,1280"/>
                <Word id="r_9_1l11_w1" custom="readingOrder {index:0;}">
                    <Coords points="1308,1231 1308,1291 1368,1291 1368,1231"/>
                    <TextEquiv>
                        <Unicode>tis:</Unicode>
                    </TextEquiv>
                </Word>
                <Word id="r_9_1l11_w2" custom="readingOrder {index:1;}">
                    <Coords points="1379,1233 1379,1293 1444,1293 1444,1233"/>
                    <TextEquiv>
                        <Unicode>flos</Unicode>
                    </TextEquiv>
                </Word>
                <Word id="r_9_1l11_w3" custom="readingOrder {index:2;}">
                    <Coords points="1466,1234 1466,1294 1548,1294 1548,1234"/>
                    <TextEquiv>
                        <Unicode>verò</Unicode>
                    </TextEquiv>
                </Word>
                <Word id="r_9_1l11_w4" custom="readingOrder {index:3;}">
                    <Coords points="1564,1237 1564,1297 1700,1297 1700,1237"/>
                    <TextEquiv>
                        <Unicode>calidus</Unicode>
                    </TextEquiv>
                </Word>
                <Word id="r_9_1l11_w5" custom="readingOrder {index:4;}">
                    <Coords points="1716,1238 1716,1298 1748,1298 1748,1238"/>
                    <TextEquiv>
                        <Unicode>in</Unicode>
                    </TextEquiv>
                </Word>
                <Word id="r_9_1l11_w6" custom="readingOrder {index:5;}">
                    <Coords points="1765,1240 1765,1300 1944,1300 1944,1240"/>
                    <TextEquiv>
                        <Unicode>secundo,</Unicode>
                    </TextEquiv>
                </Word>
                <Word id="r_9_1l11_w7" custom="readingOrder {index:6;}">
                    <Coords points="1955,1241 1955,1301 2025,1301 2025,1241"/>
                    <TextEquiv>
                        <Unicode>&amp;c.</Unicode>
                    </TextEquiv>
                </Word>
                <Word id="r_9_1l11_w8" custom="readingOrder {index:7;}">
                    <Coords points="2036,1241 2036,1301 2200,1301 2200,1241"/>
                    <TextEquiv>
                        <Unicode>FEducit</Unicode>
                    </TextEquiv>
                </Word>
                <Word id="r_9_1l11_w9" custom="readingOrder {index:8;}">
                    <Coords points="2216,1240 2216,1300 2276,1300 2276,1240"/>
                    <TextEquiv>
                        <Unicode>bi¬</Unicode>
                    </TextEquiv>
                </Word>
                <TextEquiv>
                    <Unicode>tis: flos verò calidus in secundo, &amp;c. * Educit bi¬</Unicode>
                </TextEquiv>
            </TextLine>
            <TextEquiv>
                <Unicode></Unicode>
            </TextEquiv>
        </TextRegion>
        <TextRegion orientation="0.0" type="paragraph" id="r_11_1" custom="readingOrder {index:7;} structure {type:paragraph;}">
            <Coords points="1251,1285 2291,1285 2291,3294 1251,3294"/>
            <TextLine id="r_11_1l1" custom="readingOrder {index:0;}">
                <Coords points="1296,1346 2286,1357 2286,1300 2254,1289 1296,1281"/>
                <Baseline points="1308,1320 1356,1322 1404,1323 1452,1325 1501,1325 1549,1326 1597,1326 1646,1328 1694,1328 1742,1328 1791,1329 1839,1329 1887,1329 1935,1329 1984,1329 2032,1330 2080,1331 2129,1331 2177,1332 2225,1332 2274,1334"/>
                <Word id="r_11_1l1_w1" custom="readingOrder {index:0;}">
                    <Coords points="1302,1281 1302,1341 1375,1341 1375,1281"/>
                    <TextEquiv>
                        <Unicode>lem</Unicode>
                    </TextEquiv>
                </Word>
                <Word id="r_11_1l1_w2" custom="readingOrder {index:1;}">
                    <Coords points="1392,1285 1392,1345 1549,1345 1549,1285"/>
                    <TextEquiv>
                        <Unicode>flavam,</Unicode>
                    </TextEquiv>
                </Word>
                <Word id="r_11_1l1_w3" custom="readingOrder {index:2;}">
                    <Coords points="1566,1286 1566,1346 1605,1346 1605,1286"/>
                    <TextEquiv>
                        <Unicode>&amp;</Unicode>
                    </TextEquiv>
                </Word>
                <Word id="r_11_1l1_w4" custom="readingOrder {index:3;}">
                    <Coords points="1616,1288 1616,1348 1841,1348 1841,1288"/>
                    <TextEquiv>
                        <Unicode>mundificat</Unicode>
                    </TextEquiv>
                </Word>
                <Word id="r_11_1l1_w5" custom="readingOrder {index:4;}">
                    <Coords points="1863,1289 1863,1349 2082,1349 2082,1289"/>
                    <TextEquiv>
                        <Unicode>sanguinem</Unicode>
                    </TextEquiv>
                </Word>
                <Word id="r_11_1l1_w6" custom="readingOrder {index:5;}">
                    <Coords points="2105,1291 2105,1351 2144,1351 2144,1291"/>
                    <TextEquiv>
                        <Unicode>ab</Unicode>
                    </TextEquiv>
                </Word>
                <Word id="r_11_1l1_w7" custom="readingOrder {index:6;}">
                    <Coords points="2166,1292 2166,1352 2222,1352 2222,1292"/>
                    <TextEquiv>
                        <Unicode>ea,</Unicode>
                    </TextEquiv>
                </Word>
                <Word id="r_11_1l1_w8" custom="readingOrder {index:7;}">
                    <Coords points="2234,1293 2234,1353 2278,1353 2278,1293"/>
                    <TextEquiv>
                        <Unicode>&amp;</Unicode>
                    </TextEquiv>
                </Word>
                <TextEquiv>
                    <Unicode>lem flavam, &amp; mundificat sanguinem ab ea, &amp;</Unicode>
                </TextEquiv>
            </TextLine>
            <TextLine id="r_11_1l2" custom="readingOrder {index:1;}">
                <Coords points="1307,1382 2272,1402 2252,1341 1307,1332"/>
                <Baseline points="1319,1371 1366,1373 1413,1374 1460,1374 1507,1376 1554,1376 1601,1377 1648,1377 1695,1377 1742,1377 1789,1379 1836,1379 1883,1379 1930,1379 1977,1379 2024,1380 2071,1380 2118,1380 2165,1381 2212,1382 2259,1382"/>
                <Word id="r_11_1l2_w1" custom="readingOrder {index:0;}">
                    <Coords points="1308,1333 1308,1393 1479,1393 1479,1333"/>
                    <TextEquiv>
                        <Unicode>clatificat</Unicode>
                    </TextEquiv>
                </Word>
                <Word id="r_11_1l2_w2" custom="readingOrder {index:1;}">
                    <Coords points="1491,1336 1491,1396 1634,1396 1634,1336"/>
                    <TextEquiv>
                        <Unicode>ipsum,</Unicode>
                    </TextEquiv>
                </Word>
                <Word id="r_11_1l2_w3" custom="readingOrder {index:2;}">
                    <Coords points="1657,1337 1657,1397 1691,1397 1691,1337"/>
                    <TextEquiv>
                        <Unicode>&amp;</Unicode>
                    </TextEquiv>
                </Word>
                <Word id="r_11_1l2_w4" custom="readingOrder {index:3;}">
                    <Coords points="1709,1339 1709,1399 1932,1399 1932,1339"/>
                    <TextEquiv>
                        <Unicode>sedatipsius</Unicode>
                    </TextEquiv>
                </Word>
                <Word id="r_11_1l2_w5" custom="readingOrder {index:4;}">
                    <Coords points="1949,1340 1949,1400 2275,1400 2275,1340"/>
                    <TextEquiv>
                        <Unicode>inflammationem,</Unicode>
                    </TextEquiv>
                </Word>
                <TextEquiv>
                    <Unicode>clarificat ipsum, &amp; sedat ipsius inflammationem,</Unicode>
                </TextEquiv>
            </TextLine>
            <TextLine id="r_11_1l3" custom="readingOrder {index:2;}">
                <Coords points="1310,1432 2272,1452 2288,1402 1310,1384"/>
                <Baseline points="1323,1421 1370,1422 1418,1422 1465,1424 1513,1425 1561,1425 1608,1425 1656,1427 1704,1427 1751,1427 1799,1427 1847,1427 1894,1428 1942,1428 1990,1428 2037,1428 2085,1430 2133,1430 2180,1431 2228,1433 2276,1434"/>
                <Word id="r_11_1l3_w1" custom="readingOrder {index:0;}">
                    <Coords points="1311,1381 1311,1441 1345,1441 1345,1381"/>
                    <TextEquiv>
                        <Unicode>&amp;</Unicode>
                    </TextEquiv>
                </Word>
                <Word id="r_11_1l3_w2" custom="readingOrder {index:1;}">
                    <Coords points="1362,1382 1362,1442 1477,1442 1477,1382"/>
                    <TextEquiv>
                        <Unicode>affert</Unicode>
                    </TextEquiv>
                </Word>
                <Word id="r_11_1l3_w3" custom="readingOrder {index:2;}">
                    <Coords points="1494,1384 1494,1444 1528,1444 1528,1384"/>
                    <TextEquiv>
                        <Unicode>ei</Unicode>
                    </TextEquiv>
                </Word>
                <Word id="r_11_1l3_w4" custom="readingOrder {index:3;}">
                    <Coords points="1545,1387 1545,1447 1804,1447 1804,1387"/>
                    <TextEquiv>
                        <Unicode>juvamentum</Unicode>
                    </TextEquiv>
                </Word>
                <Word id="r_11_1l3_w5" custom="readingOrder {index:4;}">
                    <Coords points="1827,1388 1827,1448 2010,1448 2010,1388"/>
                    <TextEquiv>
                        <Unicode>magnum</Unicode>
                    </TextEquiv>
                </Word>
                <Word id="r_11_1l3_w6" custom="readingOrder {index:5;}">
                    <Coords points="2027,1390 2027,1450 2171,1450 2171,1390"/>
                    <TextEquiv>
                        <Unicode>infusio</Unicode>
                    </TextEquiv>
                </Word>
                <Word id="r_11_1l3_w7" custom="readingOrder {index:6;}">
                    <Coords points="2194,1393 2194,1453 2274,1453 2274,1393"/>
                    <TextEquiv>
                        <Unicode>ejus</Unicode>
                    </TextEquiv>
                </Word>
                <TextEquiv>
                    <Unicode>&amp; affert ei juvamentum magnum infusio ejus</Unicode>
                </TextEquiv>
            </TextLine>
            <TextLine id="r_11_1l4" custom="readingOrder {index:3;}">
                <Coords points="1310,1488 2280,1508 2253,1442 1310,1431"/>
                <Baseline points="1323,1472 1370,1472 1417,1473 1464,1473 1512,1473 1559,1475 1606,1475 1653,1475 1701,1476 1748,1476 1795,1476 1842,1478 1890,1478 1937,1479 1984,1479 2031,1479 2079,1481 2126,1481 2173,1482 2220,1482 2268,1484"/>
                <Word id="r_11_1l4_w1" custom="readingOrder {index:0;}">
                    <Coords points="1311,1432 1311,1492 1346,1492 1346,1432"/>
                    <TextEquiv>
                        <Unicode>in</Unicode>
                    </TextEquiv>
                </Word>
                <Word id="r_11_1l4_w2" custom="readingOrder {index:1;}">
                    <Coords points="1364,1432 1364,1492 1457,1492 1457,1432"/>
                    <TextEquiv>
                        <Unicode>aqua</Unicode>
                    </TextEquiv>
                </Word>
                <Word id="r_11_1l4_w3" custom="readingOrder {index:2;}">
                    <Coords points="1475,1433 1475,1493 1580,1493 1580,1433"/>
                    <TextEquiv>
                        <Unicode>casei.</Unicode>
                    </TextEquiv>
                </Word>
                <Word id="r_11_1l4_w4" custom="readingOrder {index:3;}">
                    <Coords points="1598,1435 1598,1495 1645,1495 1645,1435"/>
                    <TextEquiv>
                        <Unicode>Et</Unicode>
                    </TextEquiv>
                </Word>
                <Word id="r_11_1l4_w5" custom="readingOrder {index:4;}">
                    <Coords points="1656,1436 1656,1496 1809,1496 1809,1436"/>
                    <TextEquiv>
                        <Unicode>syrupus</Unicode>
                    </TextEquiv>
                </Word>
                <Word id="r_11_1l4_w6" custom="readingOrder {index:5;}">
                    <Coords points="1827,1438 1827,1498 1896,1498 1896,1438"/>
                    <TextEquiv>
                        <Unicode>ejus</Unicode>
                    </TextEquiv>
                </Word>
                <Word id="r_11_1l4_w7" custom="readingOrder {index:6;}">
                    <Coords points="1914,1439 1914,1499 2084,1499 2084,1439"/>
                    <TextEquiv>
                        <Unicode>removet</Unicode>
                    </TextEquiv>
                </Word>
                <Word id="r_11_1l4_w8" custom="readingOrder {index:7;}">
                    <Coords points="2102,1442 2102,1502 2277,1502 2277,1442"/>
                    <TextEquiv>
                        <Unicode>icteritiam:</Unicode>
                    </TextEquiv>
                </Word>
                <TextEquiv>
                    <Unicode>in aqua casei. Et syrupus ejus removet icteritiam:</Unicode>
                </TextEquiv>
            </TextLine>
            <TextLine id="r_11_1l5" custom="readingOrder {index:4;}">
                <Coords points="1314,1531 2256,1553 2282,1508 1315,1481"/>
                <Baseline points="1326,1520 1373,1521 1420,1521 1467,1523 1514,1523 1562,1524 1609,1524 1656,1524 1703,1526 1750,1526 1798,1527 1845,1527 1892,1529 1939,1529 1986,1529 2034,1530 2081,1530 2128,1530 2175,1530 2222,1531 2270,1532"/>
                <Word id="r_11_1l5_w1" custom="readingOrder {index:0;}">
                    <Coords points="1315,1481 1315,1541 1460,1541 1460,1481"/>
                    <TextEquiv>
                        <Unicode>confert</Unicode>
                    </TextEquiv>
                </Word>
                <Word id="r_11_1l5_w2" custom="readingOrder {index:1;}">
                    <Coords points="1476,1483 1476,1543 1638,1543 1638,1483"/>
                    <TextEquiv>
                        <Unicode>febribus</Unicode>
                    </TextEquiv>
                </Word>
                <Word id="r_11_1l5_w3" custom="readingOrder {index:2;}">
                    <Coords points="1654,1486 1654,1546 1794,1546 1794,1486"/>
                    <TextEquiv>
                        <Unicode>biliosis</Unicode>
                    </TextEquiv>
                </Word>
                <Word id="r_11_1l5_w4" custom="readingOrder {index:3;}">
                    <Coords points="1811,1487 1811,1547 1844,1547 1844,1487"/>
                    <TextEquiv>
                        <Unicode>&amp;</Unicode>
                    </TextEquiv>
                </Word>
                <Word id="r_11_1l5_w5" custom="readingOrder {index:4;}">
                    <Coords points="1861,1489 1861,1549 2085,1549 2085,1489"/>
                    <TextEquiv>
                        <Unicode>sanguineis.</Unicode>
                    </TextEquiv>
                </Word>
                <Word id="r_11_1l5_w6" custom="readingOrder {index:5;}">
                    <Coords points="2096,1490 2096,1550 2207,1550 2207,1490"/>
                    <TextEquiv>
                        <Unicode>Dosis</Unicode>
                    </TextEquiv>
                </Word>
                <Word id="r_11_1l5_w7" custom="readingOrder {index:6;}">
                    <Coords points="2224,1491 2224,1551 2252,1551 2252,1491"/>
                    <TextEquiv>
                        <Unicode>in</Unicode>
                    </TextEquiv>
                </Word>
                <TextEquiv>
                    <Unicode>confert febribus biliosis &amp; sanguineis. Dosis in</Unicode>
                </TextEquiv>
            </TextLine>
            <TextLine id="r_11_1l6" custom="readingOrder {index:5;}">
                <Coords points="1303,1582 2272,1604 2273,1552 1303,1529"/>
                <Baseline points="1316,1571 1363,1571 1410,1571 1457,1572 1504,1572 1551,1574 1598,1574 1646,1574 1693,1575 1740,1575 1787,1577 1834,1578 1881,1578 1928,1578 1976,1580 2023,1580 2070,1580 2117,1581 2164,1581 2211,1581 2259,1580"/>
                <Word id="r_11_1l6_w1" custom="readingOrder {index:0;}">
                    <Coords points="1309,1531 1309,1591 1469,1591 1469,1531"/>
                    <TextEquiv>
                        <Unicode>fusionis</Unicode>
                    </TextEquiv>
                </Word>
                <Word id="r_11_1l6_w2" custom="readingOrder {index:1;}">
                    <Coords points="1491,1532 1491,1592 1520,1592 1520,1532"/>
                    <TextEquiv>
                        <Unicode>in</Unicode>
                    </TextEquiv>
                </Word>
                <Word id="r_11_1l6_w3" custom="readingOrder {index:2;}">
                    <Coords points="1542,1534 1542,1594 1622,1594 1622,1534"/>
                    <TextEquiv>
                        <Unicode>sero</Unicode>
                    </TextEquiv>
                </Word>
                <Word id="r_11_1l6_w4" custom="readingOrder {index:3;}">
                    <Coords points="1645,1535 1645,1595 1748,1595 1748,1535"/>
                    <TextEquiv>
                        <Unicode>lactis</Unicode>
                    </TextEquiv>
                </Word>
                <Word id="r_11_1l6_w5" custom="readingOrder {index:4;}">
                    <Coords points="1770,1537 1770,1597 1810,1597 1810,1537"/>
                    <TextEquiv>
                        <Unicode>est</Unicode>
                    </TextEquiv>
                </Word>
                <Word id="r_11_1l6_w6" custom="readingOrder {index:5;}">
                    <Coords points="1832,1538 1832,1598 1969,1598 1969,1538"/>
                    <TextEquiv>
                        <Unicode>circiter</Unicode>
                    </TextEquiv>
                </Word>
                <Word id="r_11_1l6_w7" custom="readingOrder {index:6;}">
                    <Coords points="1992,1540 1992,1600 2077,1600 2077,1540"/>
                    <TextEquiv>
                        <Unicode>Ibi.</Unicode>
                    </TextEquiv>
                </Word>
                <Word id="r_11_1l6_w8" custom="readingOrder {index:7;}">
                    <Coords points="2100,1541 2100,1601 2270,1601 2270,1541"/>
                    <TextEquiv>
                        <Unicode>Nascitur</Unicode>
                    </TextEquiv>
                </Word>
                <TextEquiv>
                    <Unicode>fusionis in sero lactis est circiter Ib i. Nascitur</Unicode>
                </TextEquiv>
            </TextLine>
            <TextLine id="r_11_1l7" custom="readingOrder {index:6;}">
                <Coords points="1303,1637 2248,1653 2285,1646 2286,1601 1303,1582"/>
                <Baseline points="1316,1620 1363,1622 1411,1623 1459,1623 1507,1625 1555,1625 1603,1626 1651,1626 1699,1626 1747,1628 1795,1628 1842,1628 1890,1628 1938,1628 1986,1629 2034,1629 2082,1629 2130,1629 2178,1629 2226,1631 2274,1631"/>
                <Word id="r_11_1l7_w1" custom="readingOrder {index:0;}">
                    <Coords points="1309,1581 1309,1641 1404,1641 1404,1581"/>
                    <TextEquiv>
                        <Unicode>inter</Unicode>
                    </TextEquiv>
                </Word>
                <Word id="r_11_1l7_w2" custom="readingOrder {index:1;}">
                    <Coords points="1421,1583 1421,1643 1544,1643 1544,1583"/>
                    <TextEquiv>
                        <Unicode>vepres</Unicode>
                    </TextEquiv>
                </Word>
                <Word id="r_11_1l7_w3" custom="readingOrder {index:2;}">
                    <Coords points="1566,1586 1566,1646 1645,1646 1645,1586"/>
                    <TextEquiv>
                        <Unicode>circa</Unicode>
                    </TextEquiv>
                </Word>
                <Word id="r_11_1l7_w4" custom="readingOrder {index:3;}">
                    <Coords points="1673,1588 1673,1648 1847,1648 1847,1588"/>
                    <TextEquiv>
                        <Unicode>agrorum</Unicode>
                    </TextEquiv>
                </Word>
                <Word id="r_11_1l7_w5" custom="readingOrder {index:4;}">
                    <Coords points="1863,1588 1863,1648 2060,1648 2060,1588"/>
                    <TextEquiv>
                        <Unicode>margines.</Unicode>
                    </TextEquiv>
                </Word>
                <Word id="r_11_1l7_w6" custom="readingOrder {index:5;}">
                    <Coords points="2071,1589 2071,1649 2189,1649 2189,1589"/>
                    <TextEquiv>
                        <Unicode>Flores</Unicode>
                    </TextEquiv>
                </Word>
                <Word id="r_11_1l7_w7" custom="readingOrder {index:6;}">
                    <Coords points="2211,1591 2211,1651 2284,1651 2284,1591"/>
                    <TextEquiv>
                        <Unicode>Au¬</Unicode>
                    </TextEquiv>
                </Word>
                <TextEquiv>
                    <Unicode>inter vepres circa agrorum margines. Flores Au¬</Unicode>
                </TextEquiv>
            </TextLine>
            <TextLine id="r_11_1l8" custom="readingOrder {index:7;}">
                <Coords points="1302,1695 2285,1689 2285,1651 2223,1638 1303,1637"/>
                <Baseline points="1314,1671 1361,1673 1409,1673 1457,1674 1505,1674 1553,1674 1601,1676 1648,1676 1696,1676 1744,1677 1792,1677 1840,1677 1888,1679 1936,1679 1983,1679 2031,1679 2079,1680 2127,1680 2175,1680 2223,1680 2271,1680"/>
                <Word id="r_11_1l8_w1" custom="readingOrder {index:0;}">
                    <Coords points="1310,1633 1310,1693 1416,1693 1416,1633"/>
                    <TextEquiv>
                        <Unicode>gusto</Unicode>
                    </TextEquiv>
                </Word>
                <Word id="r_11_1l8_w2" custom="readingOrder {index:1;}">
                    <Coords points="1442,1634 1442,1694 1479,1694 1479,1634"/>
                    <TextEquiv>
                        <Unicode>ac</Unicode>
                    </TextEquiv>
                </Word>
                <Word id="r_11_1l8_w3" custom="readingOrder {index:2;}">
                    <Coords points="1504,1636 1504,1696 1711,1696 1711,1636"/>
                    <TextEquiv>
                        <Unicode>Septembri</Unicode>
                    </TextEquiv>
                </Word>
                <Word id="r_11_1l8_w4" custom="readingOrder {index:3;}">
                    <Coords points="1730,1637 1730,1697 1981,1697 1981,1637"/>
                    <TextEquiv>
                        <Unicode>colliguntur,</Unicode>
                    </TextEquiv>
                </Word>
                <Word id="r_11_1l8_w5" custom="readingOrder {index:4;}">
                    <Coords points="1993,1639 1993,1699 2037,1699 2037,1639"/>
                    <TextEquiv>
                        <Unicode>&amp;</Unicode>
                    </TextEquiv>
                </Word>
                <Word id="r_11_1l8_w6" custom="readingOrder {index:5;}">
                    <Coords points="2050,1639 2050,1699 2100,1699 2100,1639"/>
                    <TextEquiv>
                        <Unicode>ad</Unicode>
                    </TextEquiv>
                </Word>
                <Word id="r_11_1l8_w7" custom="readingOrder {index:6;}">
                    <Coords points="2125,1640 2125,1700 2281,1700 2281,1640"/>
                    <TextEquiv>
                        <Unicode>cervisiae</Unicode>
                    </TextEquiv>
                </Word>
                <TextEquiv>
                    <Unicode>gusto ac Septembri colliguntur, &amp; ad cervisiae</Unicode>
                </TextEquiv>
            </TextLine>
            <TextLine id="r_11_1l9" custom="readingOrder {index:8;}">
                <Coords points="1250,1749 2187,1761 2277,1755 2278,1690 1251,1677"/>
                <Baseline points="1262,1719 1312,1719 1362,1721 1412,1722 1462,1722 1512,1724 1562,1725 1612,1725 1662,1727 1712,1727 1763,1728 1813,1728 1863,1730 1913,1730 1963,1730 2013,1731 2063,1731 2113,1731 2163,1731 2213,1731 2264,1731"/>
                <Word id="r_11_1l9_w1" custom="readingOrder {index:0;}">
                    <Coords points="1251,1679 1251,1739 1408,1739 1408,1679"/>
                    <TextEquiv>
                        <Unicode>Dusum</Unicode>
                    </TextEquiv>
                </Word>
                <Word id="r_11_1l9_w2" custom="readingOrder {index:1;}">
                    <Coords points="1426,1684 1426,1744 1679,1744 1679,1684"/>
                    <TextEquiv>
                        <Unicode>reponuntur.</Unicode>
                    </TextEquiv>
                </Word>
                <Word id="r_11_1l9_w3" custom="readingOrder {index:2;}">
                    <Coords points="1697,1687 1697,1747 1823,1747 1823,1687"/>
                    <TextEquiv>
                        <Unicode>Herba</Unicode>
                    </TextEquiv>
                </Word>
                <Word id="r_11_1l9_w4" custom="readingOrder {index:3;}">
                    <Coords points="1841,1690 1841,1750 1926,1750 1926,1690"/>
                    <TextEquiv>
                        <Unicode>verò</Unicode>
                    </TextEquiv>
                </Word>
                <Word id="r_11_1l9_w5" custom="readingOrder {index:4;}">
                    <Coords points="1950,1691 1950,1751 2083,1751 2083,1691"/>
                    <TextEquiv>
                        <Unicode>Martio</Unicode>
                    </TextEquiv>
                </Word>
                <Word id="r_11_1l9_w6" custom="readingOrder {index:5;}">
                    <Coords points="2107,1691 2107,1751 2148,1751 2148,1691"/>
                    <TextEquiv>
                        <Unicode>&amp;</Unicode>
                    </TextEquiv>
                </Word>
                <Word id="r_11_1l9_w7" custom="readingOrder {index:6;}">
                    <Coords points="2160,1691 2160,1751 2281,1751 2281,1691"/>
                    <TextEquiv>
                        <Unicode>Aprili</Unicode>
                    </TextEquiv>
                </Word>
                <TextEquiv>
                    <Unicode>Dusum reponuntur. Herba verò Martio &amp; Aprili</Unicode>
                </TextEquiv>
            </TextLine>
            <TextLine id="r_11_1l10" custom="readingOrder {index:9;} textStyle {offset:12; length:5;italic:true;}">
                <Coords points="1295,1775 1345,1791 1392,1781 1407,1797 1492,1782 1577,1798 1600,1781 1620,1796 1667,1782 1668,1739 1620,1746 1525,1730 1505,1747 1378,1729 1295,1740"/>
                <Baseline points="1307,1769 1333,1770 1360,1772 1387,1772 1414,1772 1441,1772 1468,1772 1494,1772 1521,1772 1548,1772 1575,1773 1602,1773 1629,1774 1656,1775"/>
                <Word id="r_11_1l10_w1" custom="readingOrder {index:0;}">
                    <Coords points="1302,1732 1302,1792 1514,1792 1514,1732"/>
                    <TextEquiv>
                        <Unicode>colligitur.</Unicode>
                    </TextEquiv>
                </Word>
                <Word id="r_11_1l10_w2" custom="readingOrder {index:1;}">
                    <Coords points="1526,1733 1526,1793 1659,1793 1659,1733"/>
                    <TextEquiv>
                        <Unicode>Mesue.</Unicode>
                    </TextEquiv>
                </Word>
                <TextEquiv>
                    <Unicode>colligitur. Mesue.</Unicode>
                </TextEquiv>
            </TextLine>
            <TextLine id="r_11_1l11" custom="readingOrder {index:10;}">
                <Coords points="1342,1827 2285,1853 2286,1773 2243,1757 2155,1794 1878,1766 1343,1782"/>
                <Baseline points="1356,1820 1401,1821 1447,1822 1493,1823 1539,1824 1585,1824 1631,1826 1676,1826 1722,1827 1768,1827 1814,1829 1860,1829 1906,1829 1952,1830 1997,1830 2043,1830 2089,1830 2135,1830 2181,1830 2227,1830 2273,1829"/>
                <Word id="r_11_1l11_w1" custom="readingOrder {index:0;}">
                    <Coords points="1349,1784 1349,1844 1814,1844 1814,1784"/>
                    <TextEquiv>
                        <Unicode>MELISSOPHYLLON,</Unicode>
                    </TextEquiv>
                </Word>
                <Word id="r_11_1l11_w2" custom="readingOrder {index:1;}">
                    <Coords points="1842,1789 1842,1849 1979,1849 1979,1789"/>
                    <TextEquiv>
                        <Unicode>Latinis</Unicode>
                    </TextEquiv>
                </Word>
                <Word id="r_11_1l11_w3" custom="readingOrder {index:2;}">
                    <Coords points="2002,1790 2002,1850 2215,1850 2215,1790"/>
                    <TextEquiv>
                        <Unicode>Apiastrum</Unicode>
                    </TextEquiv>
                </Word>
                <Word id="r_11_1l11_w4" custom="readingOrder {index:3;}">
                    <Coords points="2238,1789 2238,1849 2283,1849 2283,1789"/>
                    <TextEquiv>
                        <Unicode>&amp;</Unicode>
                    </TextEquiv>
                </Word>
                <TextEquiv>
                    <Unicode>MELISSOPHYLLON, Latinis Apiastrum &amp;</Unicode>
                </TextEquiv>
            </TextLine>
            <TextLine id="r_11_1l12" custom="readingOrder {index:11;}">
                <Coords points="1301,1885 2276,1887 2254,1842 1301,1830"/>
                <Baseline points="1313,1869 1360,1869 1408,1871 1455,1871 1503,1872 1550,1872 1598,1874 1645,1874 1693,1875 1740,1877 1788,1877 1836,1878 1883,1878 1931,1880 1978,1880 2026,1880 2073,1880 2121,1880 2168,1880 2216,1880 2264,1878"/>
                <Word id="r_11_1l12_w1" custom="readingOrder {index:0;}">
                    <Coords points="1308,1830 1308,1890 1486,1890 1486,1830"/>
                    <TextEquiv>
                        <Unicode>Citrago,</Unicode>
                    </TextEquiv>
                </Word>
                <Word id="r_11_1l12_w2" custom="readingOrder {index:1;}">
                    <Coords points="1497,1833 1497,1893 1681,1893 1681,1833"/>
                    <TextEquiv>
                        <Unicode>Hetruscis</Unicode>
                    </TextEquiv>
                </Word>
                <Word id="r_11_1l12_w3" custom="readingOrder {index:2;}">
                    <Coords points="1704,1837 1704,1897 1928,1897 1928,1837"/>
                    <TextEquiv>
                        <Unicode>Cedronella</Unicode>
                    </TextEquiv>
                </Word>
                <Word id="r_11_1l12_w4" custom="readingOrder {index:3;}">
                    <Coords points="1958,1840 1958,1900 1998,1900 1998,1840"/>
                    <TextEquiv>
                        <Unicode>&amp;</Unicode>
                    </TextEquiv>
                </Word>
                <Word id="r_11_1l12_w5" custom="readingOrder {index:4;}">
                    <Coords points="2015,1840 2015,1900 2153,1900 2153,1840"/>
                    <TextEquiv>
                        <Unicode>Melissa</Unicode>
                    </TextEquiv>
                </Word>
                <Word id="r_11_1l12_w6" custom="readingOrder {index:5;}">
                    <Coords points="2181,1839 2181,1899 2279,1899 2279,1839"/>
                    <TextEquiv>
                        <Unicode>dici¬</Unicode>
                    </TextEquiv>
                </Word>
                <TextEquiv>
                    <Unicode>Citrago, Hetruscis Cedronella &amp; Melissa dici¬</Unicode>
                </TextEquiv>
            </TextLine>
            <TextLine id="r_11_1l13" custom="readingOrder {index:12;}">
                <Coords points="1305,1934 2250,1951 2273,1904 1305,1889"/>
                <Baseline points="1317,1919 1364,1920 1411,1922 1458,1922 1505,1923 1552,1923 1599,1925 1646,1925 1693,1926 1740,1926 1788,1927 1835,1928 1882,1928 1929,1928 1976,1929 2023,1929 2070,1929 2117,1929 2164,1929 2211,1929 2259,1929"/>
                <Word id="r_11_1l13_w1" custom="readingOrder {index:0;}">
                    <Coords points="1306,1879 1306,1939 1385,1939 1385,1879"/>
                    <TextEquiv>
                        <Unicode>tur,</Unicode>
                    </TextEquiv>
                </Word>
                <Word id="r_11_1l13_w2" custom="readingOrder {index:1;}">
                    <Coords points="1397,1882 1397,1942 1557,1942 1557,1882"/>
                    <TextEquiv>
                        <Unicode>vulgaris</Unicode>
                    </TextEquiv>
                </Word>
                <Word id="r_11_1l13_w3" custom="readingOrder {index:2;}">
                    <Coords points="1574,1884 1574,1944 1620,1944 1620,1884"/>
                    <TextEquiv>
                        <Unicode>est</Unicode>
                    </TextEquiv>
                </Word>
                <Word id="r_11_1l13_w4" custom="readingOrder {index:3;}">
                    <Coords points="1637,1886 1637,1946 1791,1946 1791,1886"/>
                    <TextEquiv>
                        <Unicode>notitiae.</Unicode>
                    </TextEquiv>
                </Word>
                <Word id="r_11_1l13_w5" custom="readingOrder {index:4;}">
                    <Coords points="1808,1888 1808,1948 1985,1948 1985,1888"/>
                    <TextEquiv>
                        <Unicode>Cauliculi</Unicode>
                    </TextEquiv>
                </Word>
                <Word id="r_11_1l13_w6" custom="readingOrder {index:5;}">
                    <Coords points="2003,1889 2003,1949 2037,1949 2037,1889"/>
                    <TextEquiv>
                        <Unicode>&amp;</Unicode>
                    </TextEquiv>
                </Word>
                <Word id="r_11_1l13_w7" custom="readingOrder {index:6;}">
                    <Coords points="2048,1889 2048,1949 2139,1949 2139,1889"/>
                    <TextEquiv>
                        <Unicode>folia</Unicode>
                    </TextEquiv>
                </Word>
                <Word id="r_11_1l13_w8" custom="readingOrder {index:7;}">
                    <Coords points="2156,1889 2156,1949 2276,1949 2276,1889"/>
                    <TextEquiv>
                        <Unicode>ballo¬</Unicode>
                    </TextEquiv>
                </Word>
                <TextEquiv>
                    <Unicode>tur, vulgaris est notitiae. Cauliculi &amp; folia ballo¬</Unicode>
                </TextEquiv>
            </TextLine>
            <TextLine id="r_11_1l14" custom="readingOrder {index:13;}">
                <Coords points="1305,1979 2070,2006 2280,1991 2281,1944 1306,1937"/>
                <Baseline points="1319,1970 1366,1970 1413,1971 1461,1971 1508,1973 1556,1973 1603,1974 1651,1974 1698,1976 1746,1976 1793,1977 1840,1977 1888,1979 1935,1979 1983,1980 2030,1980 2078,1980 2125,1980 2173,1980 2220,1980 2268,1980"/>
                <Word id="r_11_1l14_w1" custom="readingOrder {index:0;}">
                    <Coords points="1306,1930 1306,1990 1354,1990 1354,1930"/>
                    <TextEquiv>
                        <Unicode>tae</Unicode>
                    </TextEquiv>
                </Word>
                <Word id="r_11_1l14_w2" custom="readingOrder {index:1;}">
                    <Coords points="1378,1931 1378,1991 1498,1991 1498,1931"/>
                    <TextEquiv>
                        <Unicode>similia</Unicode>
                    </TextEquiv>
                </Word>
                <Word id="r_11_1l14_w3" custom="readingOrder {index:2;}">
                    <Coords points="1522,1933 1522,1993 1630,1993 1630,1933"/>
                    <TextEquiv>
                        <Unicode>sunt,</Unicode>
                    </TextEquiv>
                </Word>
                <Word id="r_11_1l14_w4" custom="readingOrder {index:3;}">
                    <Coords points="1642,1934 1642,1994 1702,1994 1702,1934"/>
                    <TextEquiv>
                        <Unicode>sed</Unicode>
                    </TextEquiv>
                </Word>
                <Word id="r_11_1l14_w5" custom="readingOrder {index:4;}">
                    <Coords points="1726,1937 1726,1997 1882,1997 1882,1937"/>
                    <TextEquiv>
                        <Unicode>majora,</Unicode>
                    </TextEquiv>
                </Word>
                <Word id="r_11_1l14_w6" custom="readingOrder {index:5;}">
                    <Coords points="1894,1940 1894,2000 2134,2000 2134,1940"/>
                    <TextEquiv>
                        <Unicode>tenuioraque,</Unicode>
                    </TextEquiv>
                </Word>
                <Word id="r_11_1l14_w7" custom="readingOrder {index:6;}">
                    <Coords points="2152,1940 2152,2000 2212,2000 2212,1940"/>
                    <TextEquiv>
                        <Unicode>nec</Unicode>
                    </TextEquiv>
                </Word>
                <Word id="r_11_1l14_w8" custom="readingOrder {index:7;}">
                    <Coords points="2230,1940 2230,2000 2278,2000 2278,1940"/>
                    <TextEquiv>
                        <Unicode>ita</Unicode>
                    </TextEquiv>
                </Word>
                <TextEquiv>
                    <Unicode>tae similia sunt, sed majora, tenuioraque, nec ita</Unicode>
                </TextEquiv>
            </TextLine>
            <TextLine id="r_11_1l15" custom="readingOrder {index:14;}">
                <Coords points="1303,2030 2275,2057 2276,1992 1303,1980"/>
                <Baseline points="1316,2019 1363,2021 1410,2021 1458,2022 1505,2022 1553,2022 1600,2024 1647,2024 1695,2024 1742,2025 1790,2025 1837,2026 1884,2027 1932,2027 1979,2027 2027,2028 2074,2028 2121,2028 2169,2028 2216,2028 2264,2030"/>
                <Word id="r_11_1l15_w1" custom="readingOrder {index:0;}">
                    <Coords points="1303,1981 1303,2041 1468,2041 1468,1981"/>
                    <TextEquiv>
                        <Unicode>hirsuta:</Unicode>
                    </TextEquiv>
                </Word>
                <Word id="r_11_1l15_w2" custom="readingOrder {index:1;}">
                    <Coords points="1478,1982 1478,2042 1632,2042 1632,1982"/>
                    <TextEquiv>
                        <Unicode>citreum</Unicode>
                    </TextEquiv>
                </Word>
                <Word id="r_11_1l15_w3" custom="readingOrder {index:2;}">
                    <Coords points="1648,1984 1648,2044 1786,2044 1786,1984"/>
                    <TextEquiv>
                        <Unicode>malum</Unicode>
                    </TextEquiv>
                </Word>
                <Word id="r_11_1l15_w4" custom="readingOrder {index:3;}">
                    <Coords points="1802,1986 1802,2046 1919,2046 1919,1986"/>
                    <TextEquiv>
                        <Unicode>olent.</Unicode>
                    </TextEquiv>
                </Word>
                <Word id="r_11_1l15_w5" custom="readingOrder {index:4;}">
                    <Coords points="1929,1987 1929,2047 1951,2047 1951,1987"/>
                    <TextEquiv>
                        <Unicode>*</Unicode>
                    </TextEquiv>
                </Word>
                <Word id="r_11_1l15_w6" custom="readingOrder {index:5;}">
                    <Coords points="1966,1987 1966,2047 2062,2047 2062,1987"/>
                    <TextEquiv>
                        <Unicode>Folia</Unicode>
                    </TextEquiv>
                </Word>
                <Word id="r_11_1l15_w7" custom="readingOrder {index:6;}">
                    <Coords points="2078,1988 2078,2048 2163,2048 2163,1988"/>
                    <TextEquiv>
                        <Unicode>cum</Unicode>
                    </TextEquiv>
                </Word>
                <Word id="r_11_1l15_w8" custom="readingOrder {index:7;}">
                    <Coords points="2174,1988 2174,2048 2264,2048 2264,1988"/>
                    <TextEquiv>
                        <Unicode>vino</Unicode>
                    </TextEquiv>
                </Word>
                <TextEquiv>
                    <Unicode>hirsuta: citreum malum olent. * Folia cum vino</Unicode>
                </TextEquiv>
            </TextLine>
            <TextLine id="r_11_1l16" custom="readingOrder {index:15;}">
                <Coords points="1298,2092 2268,2092 2218,2036 1298,2037"/>
                <Baseline points="1310,2069 1357,2070 1404,2070 1451,2072 1499,2073 1546,2073 1593,2075 1641,2075 1688,2076 1735,2076 1783,2076 1830,2076 1877,2078 1924,2078 1972,2078 2019,2078 2066,2078 2114,2078 2161,2078 2208,2078 2256,2078"/>
                <Word id="r_11_1l16_w1" custom="readingOrder {index:0;}">
                    <Coords points="1299,2029 1299,2089 1410,2089 1410,2029"/>
                    <TextEquiv>
                        <Unicode>pota,</Unicode>
                    </TextEquiv>
                </Word>
                <Word id="r_11_1l16_w2" custom="readingOrder {index:1;}">
                    <Coords points="1422,2031 1422,2091 1475,2091 1475,2031"/>
                    <TextEquiv>
                        <Unicode>aut</Unicode>
                    </TextEquiv>
                </Word>
                <Word id="r_11_1l16_w3" custom="readingOrder {index:2;}">
                    <Coords points="1492,2033 1492,2093 1598,2093 1598,2033"/>
                    <TextEquiv>
                        <Unicode>illita,</Unicode>
                    </TextEquiv>
                </Word>
                <Word id="r_11_1l16_w4" custom="readingOrder {index:3;}">
                    <Coords points="1615,2036 1615,2096 1768,2096 1768,2036"/>
                    <TextEquiv>
                        <Unicode>prosunt</Unicode>
                    </TextEquiv>
                </Word>
                <Word id="r_11_1l16_w5" custom="readingOrder {index:4;}">
                    <Coords points="1785,2036 1785,2096 1914,2096 1914,2036"/>
                    <TextEquiv>
                        <Unicode>contram</Unicode>
                    </TextEquiv>
                </Word>
                <Word id="r_11_1l16_w6" custom="readingOrder {index:5;}">
                    <Coords points="1926,2038 1926,2098 2020,2098 2020,2038"/>
                    <TextEquiv>
                        <Unicode>ictus</Unicode>
                    </TextEquiv>
                </Word>
                <Word id="r_11_1l16_w7" custom="readingOrder {index:6;}">
                    <Coords points="2037,2038 2037,2098 2271,2098 2271,2038"/>
                    <TextEquiv>
                        <Unicode>phalangio¬</Unicode>
                    </TextEquiv>
                </Word>
                <TextEquiv>
                    <Unicode>pota, aut illita, prosunt contram ictus phalangio¬</Unicode>
                </TextEquiv>
            </TextLine>
            <TextLine id="r_11_1l17" custom="readingOrder {index:16;}">
                <Coords points="1306,2131 2283,2149 2284,2096 2244,2088 1307,2094"/>
                <Baseline points="1319,2118 1366,2120 1414,2120 1461,2121 1509,2121 1557,2123 1604,2123 1652,2124 1699,2124 1747,2124 1795,2126 1842,2126 1890,2127 1937,2127 1985,2127 2033,2129 2080,2129 2128,2129 2175,2130 2223,2130 2271,2130"/>
                <Word id="r_11_1l17_w1" custom="readingOrder {index:0;}">
                    <Coords points="1301,2079 1301,2139 1406,2139 1406,2079"/>
                    <TextEquiv>
                        <Unicode>rum,</Unicode>
                    </TextEquiv>
                </Word>
                <Word id="r_11_1l17_w2" custom="readingOrder {index:1;}">
                    <Coords points="1422,2083 1422,2143 1739,2143 1739,2083"/>
                    <TextEquiv>
                        <Unicode>scorpionumque:</Unicode>
                    </TextEquiv>
                </Word>
                <Word id="r_11_1l17_w3" custom="readingOrder {index:2;}">
                    <Coords points="1755,2086 1755,2146 1850,2146 1850,2086"/>
                    <TextEquiv>
                        <Unicode>item</Unicode>
                    </TextEquiv>
                </Word>
                <Word id="r_11_1l17_w4" custom="readingOrder {index:3;}">
                    <Coords points="1865,2087 1865,2147 2034,2147 2034,2087"/>
                    <TextEquiv>
                        <Unicode>adversus</Unicode>
                    </TextEquiv>
                </Word>
                <Word id="r_11_1l17_w5" custom="readingOrder {index:4;}">
                    <Coords points="2061,2089 2061,2149 2161,2149 2161,2089"/>
                    <TextEquiv>
                        <Unicode>canis</Unicode>
                    </TextEquiv>
                </Word>
                <Word id="r_11_1l17_w6" custom="readingOrder {index:5;}">
                    <Coords points="2177,2090 2177,2150 2288,2150 2288,2090"/>
                    <TextEquiv>
                        <Unicode>mor¬</Unicode>
                    </TextEquiv>
                </Word>
                <TextEquiv>
                    <Unicode>rum, scorpionumque: item adversus canis mor¬</Unicode>
                </TextEquiv>
            </TextLine>
            <TextLine id="r_11_1l18" custom="readingOrder {index:17;}">
                <Coords points="1304,2180 2279,2195 2280,2140 1305,2132"/>
                <Baseline points="1317,2168 1364,2169 1412,2169 1459,2171 1507,2172 1554,2173 1602,2174 1649,2174 1697,2175 1744,2175 1792,2177 1839,2177 1887,2177 1934,2178 1982,2178 2029,2178 2077,2179 2124,2180 2172,2180 2219,2180 2267,2181"/>
                <Word id="r_11_1l18_w1" custom="readingOrder {index:0;}">
                    <Coords points="1305,2128 1305,2188 1399,2188 1399,2128"/>
                    <TextEquiv>
                        <Unicode>sum.</Unicode>
                    </TextEquiv>
                </Word>
                <Word id="r_11_1l18_w2" custom="readingOrder {index:1;}">
                    <Coords points="1417,2131 1417,2191 1590,2191 1590,2131"/>
                    <TextEquiv>
                        <Unicode>Decocto</Unicode>
                    </TextEquiv>
                </Word>
                <Word id="r_11_1l18_w3" custom="readingOrder {index:2;}">
                    <Coords points="1612,2135 1612,2195 1819,2195 1819,2135"/>
                    <TextEquiv>
                        <Unicode>eorundem</Unicode>
                    </TextEquiv>
                </Word>
                <Word id="r_11_1l18_w4" custom="readingOrder {index:3;}">
                    <Coords points="1836,2137 1836,2197 1959,2197 1959,2137"/>
                    <TextEquiv>
                        <Unicode>gratia,</Unicode>
                    </TextEquiv>
                </Word>
                <Word id="r_11_1l18_w5" custom="readingOrder {index:4;}">
                    <Coords points="1970,2138 1970,2198 2082,2198 2082,2138"/>
                    <TextEquiv>
                        <Unicode>foveri</Unicode>
                    </TextEquiv>
                </Word>
                <Word id="r_11_1l18_w6" custom="readingOrder {index:5;}">
                    <Coords points="2099,2140 2099,2200 2267,2200 2267,2140"/>
                    <TextEquiv>
                        <Unicode>prodest:</Unicode>
                    </TextEquiv>
                </Word>
                <TextEquiv>
                    <Unicode>sum. Decocto eorundem gratia, foveri prodest:</Unicode>
                </TextEquiv>
            </TextLine>
            <TextLine id="l_4" custom="readingOrder {index:18;}">
                <Coords points="1253,2178 1843,2171 2233,2190 2270,2255 1253,2242"/>
                <Baseline points="1253,2220 1263,2220 1362,2222 1462,2222 1561,2223 1661,2223 1760,2225 1860,2226 1959,2226 2059,2228 2158,2228 2258,2229"/>
                <TextEquiv>
                    <Unicode>[E] defessionibus foeminarum ad ciundos menses con¬</Unicode>
                </TextEquiv>
            </TextLine>
            <TextLine id="r_11_1l20" custom="readingOrder {index:19;}">
                <Coords points="1303,2278 2270,2298 2270,2255 2181,2234 1303,2233"/>
                <Baseline points="1314,2270 1361,2271 1408,2271 1455,2271 1502,2273 1550,2273 1597,2273 1644,2274 1691,2274 1738,2274 1786,2275 1833,2276 1880,2276 1927,2277 1974,2277 2022,2277 2069,2277 2116,2279 2163,2279 2210,2279 2258,2279"/>
                <Word id="r_11_1l20_w1" custom="readingOrder {index:0;}">
                    <Coords points="1308,2231 1308,2291 1420,2291 1420,2231"/>
                    <TextEquiv>
                        <Unicode>venit:</Unicode>
                    </TextEquiv>
                </Word>
                <Word id="r_11_1l20_w2" custom="readingOrder {index:1;}">
                    <Coords points="1431,2232 1431,2292 1559,2292 1559,2232"/>
                    <TextEquiv>
                        <Unicode>dentes</Unicode>
                    </TextEquiv>
                </Word>
                <Word id="r_11_1l20_w3" custom="readingOrder {index:2;}">
                    <Coords points="1575,2233 1575,2293 1708,2293 1708,2233"/>
                    <TextEquiv>
                        <Unicode>eodem</Unicode>
                    </TextEquiv>
                </Word>
                <Word id="r_11_1l20_w4" custom="readingOrder {index:3;}">
                    <Coords points="1730,2234 1730,2294 1767,2294 1767,2234"/>
                    <TextEquiv>
                        <Unicode>in</Unicode>
                    </TextEquiv>
                </Word>
                <Word id="r_11_1l20_w5" custom="readingOrder {index:4;}">
                    <Coords points="1789,2236 1789,2296 1916,2296 1916,2236"/>
                    <TextEquiv>
                        <Unicode>dolore</Unicode>
                    </TextEquiv>
                </Word>
                <Word id="r_11_1l20_w6" custom="readingOrder {index:5;}">
                    <Coords points="1938,2237 1938,2297 2135,2297 2135,2237"/>
                    <TextEquiv>
                        <Unicode>colluuntur,</Unicode>
                    </TextEquiv>
                </Word>
                <Word id="r_11_1l20_w7" custom="readingOrder {index:6;}">
                    <Coords points="2146,2239 2146,2299 2274,2299 2274,2239"/>
                    <TextEquiv>
                        <Unicode>dysen¬</Unicode>
                    </TextEquiv>
                </Word>
                <TextEquiv>
                    <Unicode>venit: dentes eodem in dolore colluuntur, dysen¬</Unicode>
                </TextEquiv>
            </TextLine>
            <TextLine id="r_11_1l21" custom="readingOrder {index:20;}">
                <Coords points="1295,2327 2277,2338 2277,2300 2215,2289 1295,2269"/>
                <Baseline points="1307,2318 1354,2319 1402,2321 1450,2321 1498,2322 1546,2323 1594,2324 1641,2324 1689,2325 1737,2325 1785,2325 1833,2327 1881,2327 1929,2327 1976,2327 2024,2328 2072,2328 2120,2328 2168,2328 2216,2330 2264,2330"/>
                <Word id="r_11_1l21_w1" custom="readingOrder {index:0;}">
                    <Coords points="1301,2279 1301,2339 1419,2339 1419,2279"/>
                    <TextEquiv>
                        <Unicode>tericis</Unicode>
                    </TextEquiv>
                </Word>
                <Word id="r_11_1l21_w2" custom="readingOrder {index:1;}">
                    <Coords points="1436,2283 1436,2343 1661,2343 1661,2283"/>
                    <TextEquiv>
                        <Unicode>infunditur.</Unicode>
                    </TextEquiv>
                </Word>
                <Word id="r_11_1l21_w3" custom="readingOrder {index:2;}">
                    <Coords points="1673,2285 1673,2345 1892,2345 1892,2285"/>
                    <TextEquiv>
                        <Unicode>Fungorum</Unicode>
                    </TextEquiv>
                </Word>
                <Word id="r_11_1l21_w4" custom="readingOrder {index:3;}">
                    <Coords points="1915,2288 1915,2348 2280,2348 2280,2288"/>
                    <TextEquiv>
                        <Unicode>strangulationibus</Unicode>
                    </TextEquiv>
                </Word>
                <TextEquiv>
                    <Unicode>tericis infunditur. Fungorum strangulationibus</Unicode>
                </TextEquiv>
            </TextLine>
            <TextLine id="r_11_1l22" custom="readingOrder {index:21;}">
                <Coords points="1295,2381 2278,2396 2236,2341 1296,2329"/>
                <Baseline points="1308,2369 1355,2370 1403,2370 1451,2372 1499,2372 1547,2373 1595,2373 1642,2375 1690,2375 1738,2376 1786,2376 1834,2376 1882,2378 1930,2378 1977,2378 2025,2379 2073,2379 2121,2379 2169,2381 2217,2381 2265,2381"/>
                <Word id="r_11_1l22_w1" custom="readingOrder {index:0;}">
                    <Coords points="1306,2330 1306,2390 1407,2390 1407,2330"/>
                    <TextEquiv>
                        <Unicode>folia,</Unicode>
                    </TextEquiv>
                </Word>
                <Word id="r_11_1l22_w2" custom="readingOrder {index:1;}">
                    <Coords points="1418,2332 1418,2392 1545,2392 1545,2332"/>
                    <TextEquiv>
                        <Unicode>addito</Unicode>
                    </TextEquiv>
                </Word>
                <Word id="r_11_1l22_w3" custom="readingOrder {index:2;}">
                    <Coords points="1567,2334 1567,2394 1674,2394 1674,2334"/>
                    <TextEquiv>
                        <Unicode>nitro,</Unicode>
                    </TextEquiv>
                </Word>
                <Word id="r_11_1l22_w4" custom="readingOrder {index:3;}">
                    <Coords points="1684,2335 1684,2395 1775,2395 1775,2335"/>
                    <TextEquiv>
                        <Unicode>potu</Unicode>
                    </TextEquiv>
                </Word>
                <Word id="r_11_1l22_w5" custom="readingOrder {index:4;}">
                    <Coords points="1791,2338 1791,2398 2026,2398 2026,2338"/>
                    <TextEquiv>
                        <Unicode>auxiliantur:</Unicode>
                    </TextEquiv>
                </Word>
                <Word id="r_11_1l22_w6" custom="readingOrder {index:5;}">
                    <Coords points="2037,2340 2037,2400 2276,2400 2276,2340"/>
                    <TextEquiv>
                        <Unicode>torminibus,</Unicode>
                    </TextEquiv>
                </Word>
                <TextEquiv>
                    <Unicode>folia, addito nitro, potu auxiliantur: torminibus,</Unicode>
                </TextEquiv>
            </TextLine>
            <TextLine id="r_11_1l23" custom="readingOrder {index:22;}">
                <Coords points="1303,2431 2235,2450 2280,2446 2281,2391 1303,2384"/>
                <Baseline points="1316,2420 1363,2420 1411,2420 1458,2420 1506,2421 1553,2421 1601,2423 1648,2423 1696,2424 1743,2424 1791,2426 1839,2426 1886,2427 1934,2427 1981,2429 2029,2429 2076,2429 2124,2429 2171,2429 2219,2429 2267,2429"/>
                <Word id="r_11_1l23_w1" custom="readingOrder {index:0;}">
                    <Coords points="1303,2380 1303,2440 1335,2440 1335,2380"/>
                    <TextEquiv>
                        <Unicode>&amp;</Unicode>
                    </TextEquiv>
                </Word>
                <Word id="r_11_1l23_w2" custom="readingOrder {index:1;}">
                    <Coords points="1352,2380 1352,2440 1623,2440 1623,2380"/>
                    <TextEquiv>
                        <Unicode>orthopnoicis</Unicode>
                    </TextEquiv>
                </Word>
                <Word id="r_11_1l23_w3" custom="readingOrder {index:2;}">
                    <Coords points="1639,2384 1639,2444 1818,2444 1818,2384"/>
                    <TextEquiv>
                        <Unicode>delinctu.</Unicode>
                    </TextEquiv>
                </Word>
                <Word id="r_11_1l23_w4" custom="readingOrder {index:3;}">
                    <Coords points="1829,2386 1829,2446 1921,2446 1921,2386"/>
                    <TextEquiv>
                        <Unicode>Illitu</Unicode>
                    </TextEquiv>
                </Word>
                <Word id="r_11_1l23_w5" custom="readingOrder {index:4;}">
                    <Coords points="1938,2388 1938,2448 2019,2448 2019,2388"/>
                    <TextEquiv>
                        <Unicode>cum</Unicode>
                    </TextEquiv>
                </Word>
                <Word id="r_11_1l23_w6" custom="readingOrder {index:5;}">
                    <Coords points="2035,2389 2035,2449 2100,2449 2100,2389"/>
                    <TextEquiv>
                        <Unicode>sale</Unicode>
                    </TextEquiv>
                </Word>
                <Word id="r_11_1l23_w7" custom="readingOrder {index:6;}">
                    <Coords points="2122,2389 2122,2449 2279,2449 2279,2389"/>
                    <TextEquiv>
                        <Unicode>strumas</Unicode>
                    </TextEquiv>
                </Word>
                <TextEquiv>
                    <Unicode>&amp; orthopnoicis delinctu. Illitu cum sale strumas</Unicode>
                </TextEquiv>
            </TextLine>
            <TextLine id="r_11_1l24" custom="readingOrder {index:23;}">
                <Coords points="1293,2477 2268,2502 2269,2444 2177,2438 1294,2442"/>
                <Baseline points="1307,2469 1354,2469 1401,2471 1449,2471 1496,2472 1544,2472 1591,2474 1638,2474 1686,2475 1733,2475 1781,2475 1828,2477 1875,2477 1923,2478 1970,2478 2018,2478 2065,2480 2112,2480 2160,2480 2207,2480 2255,2481"/>
                <Word id="r_11_1l24_w1" custom="readingOrder {index:0;}">
                    <Coords points="1298,2431 1298,2491 1518,2491 1518,2431"/>
                    <TextEquiv>
                        <Unicode>discutiunt,</Unicode>
                    </TextEquiv>
                </Word>
                <Word id="r_11_1l24_w2" custom="readingOrder {index:1;}">
                    <Coords points="1529,2433 1529,2493 1646,2493 1646,2433"/>
                    <TextEquiv>
                        <Unicode>ulcera</Unicode>
                    </TextEquiv>
                </Word>
                <Word id="r_11_1l24_w3" custom="readingOrder {index:2;}">
                    <Coords points="1668,2435 1668,2495 1845,2495 1845,2435"/>
                    <TextEquiv>
                        <Unicode>purgant:</Unicode>
                    </TextEquiv>
                </Word>
                <Word id="r_11_1l24_w4" custom="readingOrder {index:3;}">
                    <Coords points="1866,2438 1866,2498 2096,2498 2096,2438"/>
                    <TextEquiv>
                        <Unicode>articularios</Unicode>
                    </TextEquiv>
                </Word>
                <Word id="r_11_1l24_w5" custom="readingOrder {index:4;}">
                    <Coords points="2117,2440 2117,2500 2267,2500 2267,2440"/>
                    <TextEquiv>
                        <Unicode>dolores</Unicode>
                    </TextEquiv>
                </Word>
                <TextEquiv>
                    <Unicode>discutiunt, ulcera purgant: articularios dolores</Unicode>
                </TextEquiv>
            </TextLine>
            <TextLine id="r_11_1l25" custom="readingOrder {index:24;}">
                <Coords points="1289,2526 2279,2546 2262,2488 1550,2502 1290,2473"/>
                <Baseline points="1301,2517 1349,2517 1397,2519 1445,2520 1494,2521 1542,2522 1590,2523 1639,2523 1687,2525 1735,2525 1784,2526 1832,2526 1880,2528 1928,2528 1977,2528 2025,2528 2073,2528 2122,2528 2170,2528 2218,2528 2267,2528"/>
                <Word id="r_11_1l25_w1" custom="readingOrder {index:0;}">
                    <Coords points="1302,2477 1302,2537 1395,2537 1395,2477"/>
                    <TextEquiv>
                        <Unicode>illitu</Unicode>
                    </TextEquiv>
                </Word>
                <Word id="r_11_1l25_w2" custom="readingOrder {index:1;}">
                    <Coords points="1413,2480 1413,2540 1558,2540 1558,2480"/>
                    <TextEquiv>
                        <Unicode>sedant.</Unicode>
                    </TextEquiv>
                </Word>
                <Word id="r_11_1l25_w3" custom="readingOrder {index:2;}">
                    <Coords points="1582,2484 1582,2544 1769,2544 1769,2484"/>
                    <TextEquiv>
                        <Unicode>Caeterùm</Unicode>
                    </TextEquiv>
                </Word>
                <Word id="r_11_1l25_w4" custom="readingOrder {index:3;}">
                    <Coords points="1787,2488 1787,2548 2055,2548 2055,2488"/>
                    <TextEquiv>
                        <Unicode>melissophylli</Unicode>
                    </TextEquiv>
                </Word>
                <Word id="r_11_1l25_w5" custom="readingOrder {index:4;}">
                    <Coords points="2073,2488 2073,2548 2271,2548 2271,2488"/>
                    <TextEquiv>
                        <Unicode>proprium</Unicode>
                    </TextEquiv>
                </Word>
                <TextEquiv>
                    <Unicode>illitu sedant. Caeterùm melissophylli proprium</Unicode>
                </TextEquiv>
            </TextLine>
            <TextLine id="r_11_1l26" custom="readingOrder {index:25;}">
                <Coords points="1303,2585 2218,2605 2268,2593 2269,2540 1304,2538"/>
                <Baseline points="1317,2567 1366,2568 1415,2568 1465,2570 1514,2571 1564,2571 1613,2573 1662,2573 1712,2574 1761,2574 1811,2576 1860,2576 1910,2576 1959,2577 2008,2577 2058,2577 2107,2579 2157,2579 2206,2579 2256,2579"/>
                <Word id="r_11_1l26_w1" custom="readingOrder {index:0;}">
                    <Coords points="1309,2527 1309,2587 1371,2587 1371,2527"/>
                    <TextEquiv>
                        <Unicode>est,</Unicode>
                    </TextEquiv>
                </Word>
                <Word id="r_11_1l26_w2" custom="readingOrder {index:1;}">
                    <Coords points="1382,2530 1382,2590 1550,2590 1550,2530"/>
                    <TextEquiv>
                        <Unicode>animum</Unicode>
                    </TextEquiv>
                </Word>
                <Word id="r_11_1l26_w3" custom="readingOrder {index:2;}">
                    <Coords points="1572,2533 1572,2593 1729,2593 1729,2533"/>
                    <TextEquiv>
                        <Unicode>hilarem</Unicode>
                    </TextEquiv>
                </Word>
                <Word id="r_11_1l26_w4" custom="readingOrder {index:3;}">
                    <Coords points="1746,2536 1746,2596 1920,2596 1920,2536"/>
                    <TextEquiv>
                        <Unicode>reddere,</Unicode>
                    </TextEquiv>
                </Word>
                <Word id="r_11_1l26_w5" custom="readingOrder {index:4;}">
                    <Coords points="1931,2537 1931,2597 2104,2597 2104,2537"/>
                    <TextEquiv>
                        <Unicode>humenti</Unicode>
                    </TextEquiv>
                </Word>
                <Word id="r_11_1l26_w6" custom="readingOrder {index:5;}">
                    <Coords points="2121,2539 2121,2599 2155,2599 2155,2539"/>
                    <TextEquiv>
                        <Unicode>ac</Unicode>
                    </TextEquiv>
                </Word>
                <Word id="r_11_1l26_w7" custom="readingOrder {index:6;}">
                    <Coords points="2172,2539 2172,2599 2272,2599 2272,2539"/>
                    <TextEquiv>
                        <Unicode>frigi¬</Unicode>
                    </TextEquiv>
                </Word>
                <TextEquiv>
                    <Unicode>est, animum hilarem reddere, humenti ac frigi¬</Unicode>
                </TextEquiv>
            </TextLine>
            <TextLine id="r_11_1l27" custom="readingOrder {index:26;}">
                <Coords points="1295,2633 2265,2645 2266,2593 1296,2585"/>
                <Baseline points="1307,2616 1354,2618 1401,2619 1448,2619 1496,2621 1543,2621 1590,2622 1637,2622 1685,2624 1732,2624 1779,2625 1826,2625 1874,2625 1921,2627 1968,2627 2015,2627 2063,2628 2110,2628 2157,2628 2204,2630 2252,2630"/>
                <Word id="r_11_1l27_w1" custom="readingOrder {index:0;}">
                    <Coords points="1295,2576 1295,2636 1345,2636 1345,2576"/>
                    <TextEquiv>
                        <Unicode>do</Unicode>
                    </TextEquiv>
                </Word>
                <Word id="r_11_1l27_w2" custom="readingOrder {index:1;}">
                    <Coords points="1361,2579 1361,2639 1565,2639 1565,2579"/>
                    <TextEquiv>
                        <Unicode>ventriculo</Unicode>
                    </TextEquiv>
                </Word>
                <Word id="r_11_1l27_w3" custom="readingOrder {index:2;}">
                    <Coords points="1580,2583 1580,2643 1770,2643 1770,2583"/>
                    <TextEquiv>
                        <Unicode>auxiliari,</Unicode>
                    </TextEquiv>
                </Word>
                <Word id="r_11_1l27_w4" custom="readingOrder {index:3;}">
                    <Coords points="1785,2587 1785,2647 2086,2647 2086,2587"/>
                    <TextEquiv>
                        <Unicode>concoctionem</Unicode>
                    </TextEquiv>
                </Word>
                <Word id="r_11_1l27_w5" custom="readingOrder {index:4;}">
                    <Coords points="2107,2589 2107,2649 2265,2649 2265,2589"/>
                    <TextEquiv>
                        <Unicode>adjuva¬</Unicode>
                    </TextEquiv>
                </Word>
                <TextEquiv>
                    <Unicode>do ventriculo auxiliari, concoctionem adjuva¬</Unicode>
                </TextEquiv>
            </TextLine>
            <TextLine id="r_11_1l28" custom="readingOrder {index:27;}">
                <Coords points="1302,2680 2272,2698 2263,2637 1303,2637"/>
                <Baseline points="1316,2669 1363,2669 1410,2669 1457,2670 1504,2670 1551,2670 1598,2672 1646,2672 1693,2673 1740,2673 1787,2675 1834,2675 1881,2676 1928,2676 1976,2678 2023,2678 2070,2678 2117,2679 2164,2679 2211,2679 2259,2679"/>
                <Word id="r_11_1l28_w1" custom="readingOrder {index:0;}">
                    <Coords points="1297,2629 1297,2689 1359,2689 1359,2629"/>
                    <TextEquiv>
                        <Unicode>re,</Unicode>
                    </TextEquiv>
                </Word>
                <Word id="r_11_1l28_w2" custom="readingOrder {index:1;}">
                    <Coords points="1381,2629 1381,2689 1518,2689 1518,2629"/>
                    <TextEquiv>
                        <Unicode>cerebri</Unicode>
                    </TextEquiv>
                </Word>
                <Word id="r_11_1l28_w3" custom="readingOrder {index:2;}">
                    <Coords points="1539,2632 1539,2692 1813,2692 1813,2632"/>
                    <TextEquiv>
                        <Unicode>obstructiones</Unicode>
                    </TextEquiv>
                </Word>
                <Word id="r_11_1l28_w4" custom="readingOrder {index:3;}">
                    <Coords points="1834,2636 1834,2696 2019,2696 2019,2636"/>
                    <TextEquiv>
                        <Unicode>reserare,</Unicode>
                    </TextEquiv>
                </Word>
                <Word id="r_11_1l28_w5" custom="readingOrder {index:4;}">
                    <Coords points="2029,2639 2029,2699 2271,2699 2271,2639"/>
                    <TextEquiv>
                        <Unicode>deficientem</Unicode>
                    </TextEquiv>
                </Word>
                <TextEquiv>
                    <Unicode>re, cerebri obstructiones reserare, deficientem</Unicode>
                </TextEquiv>
            </TextLine>
            <TextLine id="r_11_1l29" custom="readingOrder {index:28;}">
                <Coords points="1245,2721 2220,2750 2271,2713 1246,2666"/>
                <Baseline points="1259,2714 1311,2715 1364,2717 1416,2718 1469,2720 1521,2720 1574,2721 1627,2723 1679,2723 1732,2724 1784,2724 1837,2725 1889,2726 1942,2726 1995,2727 2047,2727 2100,2727 2152,2729 2205,2729 2258,2730"/>
                <Word id="r_11_1l29_w1" custom="readingOrder {index:0;}">
                    <Coords points="1245,2674 1245,2734 1266,2734 1266,2674"/>
                    <TextEquiv>
                        <Unicode>F</Unicode>
                    </TextEquiv>
                </Word>
                <Word id="r_11_1l29_w2" custom="readingOrder {index:1;}">
                    <Coords points="1292,2677 1292,2737 1464,2737 1464,2677"/>
                    <TextEquiv>
                        <Unicode>animum</Unicode>
                    </TextEquiv>
                </Word>
                <Word id="r_11_1l29_w3" custom="readingOrder {index:2;}">
                    <Coords points="1485,2681 1485,2741 1679,2741 1679,2681"/>
                    <TextEquiv>
                        <Unicode>revocare,</Unicode>
                    </TextEquiv>
                </Word>
                <Word id="r_11_1l29_w4" custom="readingOrder {index:3;}">
                    <Coords points="1700,2684 1700,2744 1820,2744 1820,2684"/>
                    <TextEquiv>
                        <Unicode>cordis</Unicode>
                    </TextEquiv>
                </Word>
                <Word id="r_11_1l29_w5" custom="readingOrder {index:4;}">
                    <Coords points="1841,2686 1841,2746 2097,2746 2097,2686"/>
                    <TextEquiv>
                        <Unicode>imbecillitatem</Unicode>
                    </TextEquiv>
                </Word>
                <Word id="r_11_1l29_w6" custom="readingOrder {index:5;}">
                    <Coords points="2107,2689 2107,2749 2269,2749 2269,2689"/>
                    <TextEquiv>
                        <Unicode>robora¬</Unicode>
                    </TextEquiv>
                </Word>
                <TextEquiv>
                    <Unicode>[F] animum revocare, cordis imbecillitatem robora¬</Unicode>
                </TextEquiv>
            </TextLine>
            <TextLine id="r_11_1l30" custom="readingOrder {index:29;}">
                <Coords points="1299,2782 2267,2792 2267,2742 1300,2730"/>
                <Baseline points="1311,2768 1358,2768 1405,2769 1452,2769 1499,2771 1547,2771 1594,2772 1641,2772 1688,2772 1735,2774 1783,2774 1830,2774 1877,2775 1924,2775 1971,2775 2019,2777 2066,2777 2113,2778 2160,2779 2207,2780 2255,2781"/>
                <Word id="r_11_1l30_w1" custom="readingOrder {index:0;}">
                    <Coords points="1300,2728 1300,2788 1351,2788 1351,2728"/>
                    <TextEquiv>
                        <Unicode>re,</Unicode>
                    </TextEquiv>
                </Word>
                <Word id="r_11_1l30_w2" custom="readingOrder {index:1;}">
                    <Coords points="1362,2729 1362,2789 1482,2789 1482,2729"/>
                    <TextEquiv>
                        <Unicode>eamque</Unicode>
                    </TextEquiv>
                </Word>
                <Word id="r_11_1l30_w3" custom="readingOrder {index:2;}">
                    <Coords points="1499,2732 1499,2792 1705,2792 1705,2732"/>
                    <TextEquiv>
                        <Unicode>praesertim,</Unicode>
                    </TextEquiv>
                </Word>
                <Word id="r_11_1l30_w4" custom="readingOrder {index:3;}">
                    <Coords points="1722,2734 1722,2794 1791,2794 1791,2734"/>
                    <TextEquiv>
                        <Unicode>qua</Unicode>
                    </TextEquiv>
                </Word>
                <Word id="r_11_1l30_w5" custom="readingOrder {index:4;}">
                    <Coords points="1808,2735 1808,2795 1962,2795 1962,2735"/>
                    <TextEquiv>
                        <Unicode>somnus</Unicode>
                    </TextEquiv>
                </Word>
                <Word id="r_11_1l30_w6" custom="readingOrder {index:5;}">
                    <Coords points="1979,2737 1979,2797 2179,2797 2179,2737"/>
                    <TextEquiv>
                        <Unicode>srequentiùs</Unicode>
                    </TextEquiv>
                </Word>
                <Word id="r_11_1l30_w7" custom="readingOrder {index:6;}">
                    <Coords points="2196,2740 2196,2800 2270,2800 2270,2740"/>
                    <TextEquiv>
                        <Unicode>no¬</Unicode>
                    </TextEquiv>
                </Word>
                <TextEquiv>
                    <Unicode>re, eamque praesertim, qua somnus srequentiùs no¬</Unicode>
                </TextEquiv>
            </TextLine>
            <TextLine id="r_11_1l31" custom="readingOrder {index:30;}">
                <Coords points="1300,2839 2275,2855 2275,2810 2193,2789 1301,2781"/>
                <Baseline points="1314,2819 1361,2819 1408,2819 1456,2820 1503,2820 1551,2820 1598,2822 1645,2822 1693,2823 1740,2823 1788,2825 1835,2825 1882,2826 1930,2826 1977,2828 2025,2828 2072,2829 2119,2829 2167,2829 2214,2831 2262,2831"/>
                <Word id="r_11_1l31_w1" custom="readingOrder {index:0;}">
                    <Coords points="1301,2779 1301,2839 1363,2839 1363,2779"/>
                    <TextEquiv>
                        <Unicode>ctè</Unicode>
                    </TextEquiv>
                </Word>
                <Word id="r_11_1l31_w2" custom="readingOrder {index:1;}">
                    <Coords points="1380,2780 1380,2840 1545,2840 1545,2780"/>
                    <TextEquiv>
                        <Unicode>intercipi</Unicode>
                    </TextEquiv>
                </Word>
                <Word id="r_11_1l31_w3" custom="readingOrder {index:2;}">
                    <Coords points="1562,2782 1562,2842 1665,2842 1665,2782"/>
                    <TextEquiv>
                        <Unicode>solet:</Unicode>
                    </TextEquiv>
                </Word>
                <Word id="r_11_1l31_w4" custom="readingOrder {index:3;}">
                    <Coords points="1676,2783 1676,2843 1761,2843 1761,2783"/>
                    <TextEquiv>
                        <Unicode>quin</Unicode>
                    </TextEquiv>
                </Word>
                <Word id="r_11_1l31_w5" custom="readingOrder {index:4;}">
                    <Coords points="1784,2785 1784,2845 1818,2845 1818,2785"/>
                    <TextEquiv>
                        <Unicode>&amp;</Unicode>
                    </TextEquiv>
                </Word>
                <Word id="r_11_1l31_w6" custom="readingOrder {index:5;}">
                    <Coords points="1835,2785 1835,2845 1909,2845 1909,2785"/>
                    <TextEquiv>
                        <Unicode>ejus</Unicode>
                    </TextEquiv>
                </Word>
                <Word id="r_11_1l31_w7" custom="readingOrder {index:6;}">
                    <Coords points="1932,2788 1932,2848 2068,2848 2068,2788"/>
                    <TextEquiv>
                        <Unicode>pulsum</Unicode>
                    </TextEquiv>
                </Word>
                <Word id="r_11_1l31_w8" custom="readingOrder {index:7;}">
                    <Coords points="2085,2789 2085,2849 2267,2849 2267,2789"/>
                    <TextEquiv>
                        <Unicode>reprime¬</Unicode>
                    </TextEquiv>
                </Word>
                <TextEquiv>
                    <Unicode>ctè intercipi solet: quin &amp; ejus pulsum reprime¬</Unicode>
                </TextEquiv>
            </TextLine>
            <TextLine id="r_11_1l32" custom="readingOrder {index:31;}">
                <Coords points="1285,2881 2270,2886 2233,2840 1285,2841"/>
                <Baseline points="1298,2868 1346,2868 1394,2868 1442,2868 1490,2869 1538,2870 1586,2870 1634,2871 1682,2873 1730,2873 1778,2874 1826,2876 1874,2876 1922,2877 1970,2877 2018,2877 2066,2877 2114,2877 2162,2877 2210,2877 2258,2876"/>
                <Word id="r_11_1l32_w1" custom="readingOrder {index:0;}">
                    <Coords points="1292,2828 1292,2888 1326,2888 1326,2828"/>
                    <TextEquiv>
                        <Unicode>re</Unicode>
                    </TextEquiv>
                </Word>
                <Word id="r_11_1l32_w2" custom="readingOrder {index:1;}">
                    <Coords points="1355,2828 1355,2888 1465,2888 1465,2828"/>
                    <TextEquiv>
                        <Unicode>animi</Unicode>
                    </TextEquiv>
                </Word>
                <Word id="r_11_1l32_w3" custom="readingOrder {index:2;}">
                    <Coords points="1482,2830 1482,2890 1730,2890 1730,2830"/>
                    <TextEquiv>
                        <Unicode>solicitudines</Unicode>
                    </TextEquiv>
                </Word>
                <Word id="r_11_1l32_w4" custom="readingOrder {index:3;}">
                    <Coords points="1748,2835 1748,2895 1892,2895 1892,2835"/>
                    <TextEquiv>
                        <Unicode>fugare,</Unicode>
                    </TextEquiv>
                </Word>
                <Word id="r_11_1l32_w5" custom="readingOrder {index:4;}">
                    <Coords points="1909,2837 1909,2897 1944,2897 1944,2837"/>
                    <TextEquiv>
                        <Unicode>ac</Unicode>
                    </TextEquiv>
                </Word>
                <Word id="r_11_1l32_w6" custom="readingOrder {index:5;}">
                    <Coords points="1961,2837 1961,2897 2118,2897 2118,2837"/>
                    <TextEquiv>
                        <Unicode>solicitas</Unicode>
                    </TextEquiv>
                </Word>
                <Word id="r_11_1l32_w7" custom="readingOrder {index:6;}">
                    <Coords points="2135,2837 2135,2897 2273,2897 2273,2837"/>
                    <TextEquiv>
                        <Unicode>imagi¬</Unicode>
                    </TextEquiv>
                </Word>
                <TextEquiv>
                    <Unicode>re animi solicitudines fugare, ac solicitas imagi¬</Unicode>
                </TextEquiv>
            </TextLine>
            <TextLine id="r_11_1l33" custom="readingOrder {index:32;}">
                <Coords points="1300,2939 2235,2950 2267,2946 2268,2891 1301,2882"/>
                <Baseline points="1313,2916 1360,2918 1407,2918 1454,2919 1501,2920 1548,2921 1595,2921 1643,2922 1690,2923 1737,2924 1784,2924 1831,2925 1878,2925 1925,2927 1973,2927 2020,2927 2067,2928 2114,2928 2161,2930 2208,2930 2256,2930"/>
                <Word id="r_11_1l33_w1" custom="readingOrder {index:0;}">
                    <Coords points="1300,2878 1300,2938 1473,2938 1473,2878"/>
                    <TextEquiv>
                        <Unicode>nationes</Unicode>
                    </TextEquiv>
                </Word>
                <Word id="r_11_1l33_w2" custom="readingOrder {index:1;}">
                    <Coords points="1494,2881 1494,2941 1648,2941 1648,2881"/>
                    <TextEquiv>
                        <Unicode>tollere,</Unicode>
                    </TextEquiv>
                </Word>
                <Word id="r_11_1l33_w3" custom="readingOrder {index:2;}">
                    <Coords points="1663,2883 1663,2943 1745,2943 1745,2883"/>
                    <TextEquiv>
                        <Unicode>quae</Unicode>
                    </TextEquiv>
                </Word>
                <Word id="r_11_1l33_w4" custom="readingOrder {index:3;}">
                    <Coords points="1760,2884 1760,2944 1832,2944 1832,2884"/>
                    <TextEquiv>
                        <Unicode>tum</Unicode>
                    </TextEquiv>
                </Word>
                <Word id="r_11_1l33_w5" custom="readingOrder {index:4;}">
                    <Coords points="1858,2885 1858,2945 1898,2945 1898,2885"/>
                    <TextEquiv>
                        <Unicode>ab</Unicode>
                    </TextEquiv>
                </Word>
                <Word id="r_11_1l33_w6" custom="readingOrder {index:5;}">
                    <Coords points="1919,2887 1919,2947 1996,2947 1996,2887"/>
                    <TextEquiv>
                        <Unicode>atra</Unicode>
                    </TextEquiv>
                </Word>
                <Word id="r_11_1l33_w7" custom="readingOrder {index:6;}">
                    <Coords points="2016,2887 2016,2947 2113,2947 2113,2887"/>
                    <TextEquiv>
                        <Unicode>bile,</Unicode>
                    </TextEquiv>
                </Word>
                <Word id="r_11_1l33_w8" custom="readingOrder {index:7;}">
                    <Coords points="2129,2890 2129,2950 2206,2950 2206,2890"/>
                    <TextEquiv>
                        <Unicode>tum</Unicode>
                    </TextEquiv>
                </Word>
                <Word id="r_11_1l33_w9" custom="readingOrder {index:8;}">
                    <Coords points="2226,2890 2226,2950 2267,2950 2267,2890"/>
                    <TextEquiv>
                        <Unicode>ab</Unicode>
                    </TextEquiv>
                </Word>
                <TextEquiv>
                    <Unicode>nationes tollere, quae tum ab atra bile, tum ab</Unicode>
                </TextEquiv>
            </TextLine>
            <TextLine id="r_11_1l34" custom="readingOrder {index:33;}">
                <Coords points="1290,2984 2173,3004 2275,2993 2276,2948 1291,2941"/>
                <Baseline points="1302,2967 1350,2967 1398,2968 1446,2969 1494,2969 1542,2970 1590,2970 1638,2972 1686,2972 1734,2973 1782,2973 1830,2975 1878,2975 1926,2976 1974,2976 2022,2978 2070,2978 2118,2978 2166,2979 2214,2979 2262,2979"/>
                <Word id="r_11_1l34_w1" custom="readingOrder {index:0;}">
                    <Coords points="1292,2927 1292,2987 1414,2987 1414,2927"/>
                    <TextEquiv>
                        <Unicode>exusta</Unicode>
                    </TextEquiv>
                </Word>
                <Word id="r_11_1l34_w2" custom="readingOrder {index:1;}">
                    <Coords points="1433,2929 1433,2989 1561,2989 1561,2929"/>
                    <TextEquiv>
                        <Unicode>pituita</Unicode>
                    </TextEquiv>
                </Word>
                <Word id="r_11_1l34_w3" custom="readingOrder {index:2;}">
                    <Coords points="1580,2932 1580,2992 1776,2992 1776,2932"/>
                    <TextEquiv>
                        <Unicode>gignuntur.</Unicode>
                    </TextEquiv>
                </Word>
                <Word id="r_11_1l34_w4" custom="readingOrder {index:3;}">
                    <Coords points="1789,2935 1789,2995 2021,2995 2021,2935"/>
                    <TextEquiv>
                        <Unicode>Excalefacit</Unicode>
                    </TextEquiv>
                </Word>
                <Word id="r_11_1l34_w5" custom="readingOrder {index:4;}">
                    <Coords points="2040,2938 2040,2998 2193,2998 2193,2938"/>
                    <TextEquiv>
                        <Unicode>siccatque</Unicode>
                    </TextEquiv>
                </Word>
                <Word id="r_11_1l34_w6" custom="readingOrder {index:5;}">
                    <Coords points="2205,2939 2205,2999 2273,2999 2273,2939"/>
                    <TextEquiv>
                        <Unicode>or¬</Unicode>
                    </TextEquiv>
                </Word>
                <TextEquiv>
                    <Unicode>exusta pituita gignuntur. Excalefacit siccatque or¬</Unicode>
                </TextEquiv>
            </TextLine>
            <TextLine id="r_11_1l35" custom="readingOrder {index:34;}">
                <Coords points="1289,3038 2267,3043 2267,3001 2152,2989 1290,2985"/>
                <Baseline points="1301,3018 1348,3018 1396,3020 1444,3020 1491,3020 1539,3020 1587,3021 1634,3021 1682,3022 1730,3023 1778,3023 1825,3024 1873,3024 1921,3026 1968,3026 2016,3027 2064,3027 2111,3029 2159,3029 2207,3030 2255,3032"/>
                <Word id="r_11_1l35_w1" custom="readingOrder {index:0;}">
                    <Coords points="1299,2978 1299,3038 1388,3038 1388,2978"/>
                    <TextEquiv>
                        <Unicode>dine</Unicode>
                    </TextEquiv>
                </Word>
                <Word id="r_11_1l35_w2" custom="readingOrder {index:1;}">
                    <Coords points="1404,2980 1404,3040 1581,3040 1581,2980"/>
                    <TextEquiv>
                        <Unicode>secundo.</Unicode>
                    </TextEquiv>
                </Word>
                <Word id="r_11_1l35_w3" custom="readingOrder {index:2;}">
                    <Coords points="1618,2981 1618,3041 1696,3041 1696,2981"/>
                    <TextEquiv>
                        <Unicode>Cor</Unicode>
                    </TextEquiv>
                </Word>
                <Word id="r_11_1l35_w4" custom="readingOrder {index:3;}">
                    <Coords points="1717,2983 1717,3043 1910,3043 1910,2983"/>
                    <TextEquiv>
                        <Unicode>exhilarat,</Unicode>
                    </TextEquiv>
                </Word>
                <Word id="r_11_1l35_w5" custom="readingOrder {index:4;}">
                    <Coords points="1926,2986 1926,3046 2051,3046 2051,2986"/>
                    <TextEquiv>
                        <Unicode>vitales</Unicode>
                    </TextEquiv>
                </Word>
                <Word id="r_11_1l35_w6" custom="readingOrder {index:5;}">
                    <Coords points="2072,2989 2072,3049 2265,3049 2265,2989"/>
                    <TextEquiv>
                        <Unicode>facultates</Unicode>
                    </TextEquiv>
                </Word>
                <TextEquiv>
                    <Unicode>dine secundo. Cor exhilarat, vitales facultates</Unicode>
                </TextEquiv>
            </TextLine>
            <TextLine id="r_11_1l36" custom="readingOrder {index:35;}">
                <Coords points="1291,3082 2236,3098 2272,3061 1292,3037"/>
                <Baseline points="1305,3068 1352,3068 1400,3069 1448,3069 1495,3069 1543,3069 1591,3069 1638,3071 1686,3071 1734,3072 1782,3072 1829,3074 1877,3074 1925,3075 1972,3077 2020,3077 2068,3078 2115,3080 2163,3081 2211,3083 2259,3084"/>
                <Word id="r_11_1l36_w1" custom="readingOrder {index:0;}">
                    <Coords points="1286,3028 1286,3088 1467,3088 1467,3028"/>
                    <TextEquiv>
                        <Unicode>roborat,</Unicode>
                    </TextEquiv>
                </Word>
                <Word id="r_11_1l36_w2" custom="readingOrder {index:1;}">
                    <Coords points="1478,3029 1478,3089 1616,3089 1616,3029"/>
                    <TextEquiv>
                        <Unicode>odoris</Unicode>
                    </TextEquiv>
                </Word>
                <Word id="r_11_1l36_w3" custom="readingOrder {index:2;}">
                    <Coords points="1638,3032 1638,3092 1863,3092 1863,3032"/>
                    <TextEquiv>
                        <Unicode>fragrantia,</Unicode>
                    </TextEquiv>
                </Word>
                <Word id="r_11_1l36_w4" custom="readingOrder {index:3;}">
                    <Coords points="1874,3035 1874,3095 2012,3095 2012,3035"/>
                    <TextEquiv>
                        <Unicode>saporis</Unicode>
                    </TextEquiv>
                </Word>
                <Word id="r_11_1l36_w5" custom="readingOrder {index:4;}">
                    <Coords points="2034,3040 2034,3100 2264,3100 2264,3040"/>
                    <TextEquiv>
                        <Unicode>austeritate.</Unicode>
                    </TextEquiv>
                </Word>
                <TextEquiv>
                    <Unicode>roborat, odoris fragrantia, saporis austeritate.</Unicode>
                </TextEquiv>
            </TextLine>
            <TextLine id="r_11_1l37" custom="readingOrder {index:36;}">
                <Coords points="1300,3137 2260,3148 2276,3091 1301,3087"/>
                <Baseline points="1313,3119 1360,3119 1407,3119 1455,3119 1502,3119 1550,3119 1597,3120 1645,3120 1692,3121 1740,3122 1787,3123 1834,3123 1882,3124 1929,3125 1977,3126 2024,3126 2072,3128 2119,3129 2167,3129 2214,3131 2262,3132"/>
                <Word id="r_11_1l37_w1" custom="readingOrder {index:0;}">
                    <Coords points="1301,3079 1301,3139 1502,3139 1502,3079"/>
                    <TextEquiv>
                        <Unicode>partiumque</Unicode>
                    </TextEquiv>
                </Word>
                <Word id="r_11_1l37_w2" custom="readingOrder {index:1;}">
                    <Coords points="1519,3080 1519,3140 1710,3140 1710,3080"/>
                    <TextEquiv>
                        <Unicode>tenuitate.</Unicode>
                    </TextEquiv>
                </Word>
                <Word id="r_11_1l37_w3" custom="readingOrder {index:2;}">
                    <Coords points="1727,3083 1727,3143 1922,3143 1922,3083"/>
                    <TextEquiv>
                        <Unicode>Colligitur</Unicode>
                    </TextEquiv>
                </Word>
                <Word id="r_11_1l37_w4" custom="readingOrder {index:3;}">
                    <Coords points="1939,3086 1939,3146 2061,3146 2061,3086"/>
                    <TextEquiv>
                        <Unicode>mense</Unicode>
                    </TextEquiv>
                </Word>
                <Word id="r_11_1l37_w5" custom="readingOrder {index:4;}">
                    <Coords points="2084,3089 2084,3149 2205,3149 2205,3089"/>
                    <TextEquiv>
                        <Unicode>Aprili,</Unicode>
                    </TextEquiv>
                </Word>
                <Word id="r_11_1l37_w6" custom="readingOrder {index:5;}">
                    <Coords points="2216,3091 2216,3151 2268,3151 2268,3091"/>
                    <TextEquiv>
                        <Unicode>vel</Unicode>
                    </TextEquiv>
                </Word>
                <TextEquiv>
                    <Unicode>partiumque tenuitate. Colligitur mense Aprili, vel</Unicode>
                </TextEquiv>
            </TextLine>
            <TextLine id="r_11_1l38" custom="readingOrder {index:37;}">
                <Coords points="1289,3177 2269,3191 2269,3151 2224,3138 1290,3117"/>
                <Baseline points="1301,3167 1348,3168 1396,3168 1444,3168 1492,3168 1539,3170 1587,3170 1635,3171 1683,3171 1730,3173 1778,3174 1826,3174 1874,3176 1921,3176 1969,3177 2017,3177 2065,3177 2112,3179 2160,3179 2208,3179 2256,3179"/>
                <Word id="r_11_1l38_w1" custom="readingOrder {index:0;}">
                    <Coords points="1290,3127 1290,3187 1405,3187 1405,3127"/>
                    <TextEquiv>
                        <Unicode>Majo,</Unicode>
                    </TextEquiv>
                </Word>
                <Word id="r_11_1l38_w2" custom="readingOrder {index:1;}">
                    <Coords points="1417,3128 1417,3188 1465,3188 1465,3128"/>
                    <TextEquiv>
                        <Unicode>vel</Unicode>
                    </TextEquiv>
                </Word>
                <Word id="r_11_1l38_w3" custom="readingOrder {index:2;}">
                    <Coords points="1483,3130 1483,3190 1610,3190 1610,3130"/>
                    <TextEquiv>
                        <Unicode>Junio.</Unicode>
                    </TextEquiv>
                </Word>
                <Word id="r_11_1l38_w4" custom="readingOrder {index:3;}">
                    <Coords points="1634,3132 1634,3192 1790,3192 1790,3132"/>
                    <TextEquiv>
                        <Unicode>Siccatur</Unicode>
                    </TextEquiv>
                </Word>
                <Word id="r_11_1l38_w5" custom="readingOrder {index:4;}">
                    <Coords points="1808,3135 1808,3195 1929,3195 1929,3135"/>
                    <TextEquiv>
                        <Unicode>primò</Unicode>
                    </TextEquiv>
                </Word>
                <Word id="r_11_1l38_w6" custom="readingOrder {index:5;}">
                    <Coords points="1953,3137 1953,3197 1989,3197 1989,3137"/>
                    <TextEquiv>
                        <Unicode>in</Unicode>
                    </TextEquiv>
                </Word>
                <Word id="r_11_1l38_w7" custom="readingOrder {index:6;}">
                    <Coords points="2007,3137 2007,3197 2110,3197 2110,3137"/>
                    <TextEquiv>
                        <Unicode>Sole,</Unicode>
                    </TextEquiv>
                </Word>
                <Word id="r_11_1l38_w8" custom="readingOrder {index:7;}">
                    <Coords points="2122,3139 2122,3199 2260,3199 2260,3139"/>
                    <TextEquiv>
                        <Unicode>deinde</Unicode>
                    </TextEquiv>
                </Word>
                <TextEquiv>
                    <Unicode>Majo, vel Junio. Siccatur primò in Sole, deinde</Unicode>
                </TextEquiv>
            </TextLine>
            <TextLine id="r_11_1l39" custom="readingOrder {index:38;} textStyle {offset:32; length:13;italic:true;}">
                <Coords points="1292,3230 2229,3262 2263,3195 1293,3177"/>
                <Baseline points="1304,3218 1351,3218 1398,3218 1445,3219 1493,3219 1540,3221 1587,3221 1635,3222 1682,3222 1729,3224 1777,3225 1824,3225 1871,3227 1918,3227 1966,3228 2013,3228 2060,3228 2108,3228 2155,3228 2202,3228 2250,3227"/>
                <Word id="r_11_1l39_w1" custom="readingOrder {index:0;}">
                    <Coords points="1293,3178 1293,3238 1326,3238 1326,3178"/>
                    <TextEquiv>
                        <Unicode>in</Unicode>
                    </TextEquiv>
                </Word>
                <Word id="r_11_1l39_w2" custom="readingOrder {index:1;}">
                    <Coords points="1343,3178 1343,3238 1489,3238 1489,3178"/>
                    <TextEquiv>
                        <Unicode>umbra.</Unicode>
                    </TextEquiv>
                </Word>
                <Word id="r_11_1l39_w3" custom="readingOrder {index:2;}">
                    <Coords points="1516,3182 1516,3242 1768,3242 1768,3182"/>
                    <TextEquiv>
                        <Unicode>Conservatur</Unicode>
                    </TextEquiv>
                </Word>
                <Word id="r_11_1l39_w4" custom="readingOrder {index:3;}">
                    <Coords points="1785,3185 1785,3245 1846,3245 1846,3185"/>
                    <TextEquiv>
                        <Unicode>per</Unicode>
                    </TextEquiv>
                </Word>
                <Word id="r_11_1l39_w5" custom="readingOrder {index:4;}">
                    <Coords points="1863,3187 1863,3247 2020,3247 2020,3187"/>
                    <TextEquiv>
                        <Unicode>annum.</Unicode>
                    </TextEquiv>
                </Word>
                <Word id="r_11_1l39_w6" custom="readingOrder {index:5;}">
                    <Coords points="2042,3188 2042,3248 2261,3248 2261,3188"/>
                    <TextEquiv>
                        <Unicode>Dioscerides,</Unicode>
                    </TextEquiv>
                </Word>
                <TextEquiv>
                    <Unicode>in umbra. Conservatur per annum. Dioscerides,</Unicode>
                </TextEquiv>
            </TextLine>
            <TextLine id="r_11_1l40" custom="readingOrder {index:39;} textStyle {offset:0; length:18;italic:true;}">
                <Coords points="1286,3298 1366,3303 1461,3284 1508,3305 1571,3288 1616,3306 1643,3291 1701,3304 1701,3237 1687,3234 1546,3240 1502,3225 1484,3239 1374,3228 1314,3248 1286,3240"/>
                <Baseline points="1299,3269 1325,3270 1351,3272 1377,3272 1403,3272 1429,3272 1455,3273 1481,3273 1507,3273 1533,3273 1559,3273 1585,3273 1611,3273 1637,3273 1663,3275 1689,3275"/>
                <Word id="r_11_1l40_w1" custom="readingOrder {index:0;}">
                    <Coords points="1295,3232 1295,3292 1476,3292 1476,3232"/>
                    <TextEquiv>
                        <Unicode>Agicenna</Unicode>
                    </TextEquiv>
                </Word>
                <Word id="r_11_1l40_w2" custom="readingOrder {index:1;}">
                    <Coords points="1489,3233 1489,3293 1529,3293 1529,3233"/>
                    <TextEquiv>
                        <Unicode>&amp;</Unicode>
                    </TextEquiv>
                </Word>
                <Word id="r_11_1l40_w3" custom="readingOrder {index:2;}">
                    <Coords points="1550,3233 1550,3293 1697,3293 1697,3233"/>
                    <TextEquiv>
                        <Unicode>Srapio.</Unicode>
                    </TextEquiv>
                </Word>
                <TextEquiv>
                    <Unicode>Agicenna &amp; Serapio.</Unicode>
                </TextEquiv>
            </TextLine>
            <TextEquiv>
                <Unicode></Unicode>
            </TextEquiv>
        </TextRegion>
        <TextRegion orientation="0.0" type="paragraph" id="r_12_1" custom="readingOrder {index:8;} structure {type:paragraph;}">
            <Coords points="2065,3291 2261,3291 2261,3343 2065,3343"/>
            <TextLine id="r_12_1l1" custom="readingOrder {index:0;}">
                <Coords points="2056,3353 2123,3361 2144,3347 2164,3355 2171,3347 2199,3345 2236,3356 2237,3278 2215,3285 2202,3280 2187,3292 2175,3282 2165,3287 2143,3264 2113,3266 2088,3253 2058,3253"/>
                <Baseline points="2070,3330 2095,3329 2121,3329 2147,3329 2173,3330 2199,3331 2225,3332"/>
                <Word id="r_12_1l1_w1" custom="readingOrder {index:0;}">
                    <Coords points="2060,3289 2060,3349 2231,3349 2231,3289"/>
                    <TextEquiv>
                        <Unicode>MAREV</Unicode>
                    </TextEquiv>
                </Word>
                <TextEquiv>
                    <Unicode>MARRU¬</Unicode>
                </TextEquiv>
            </TextLine>
            <TextEquiv>
                <Unicode></Unicode>
            </TextEquiv>
        </TextRegion>
        <SeparatorRegion id="r_13" custom="readingOrder {index:9;}">
            <Coords points="2264,107 2478,107 2478,113 2264,113"/>
        </SeparatorRegion>
        <SeparatorRegion id="r_14" custom="readingOrder {index:10;}">
            <Coords points="1621,3369 2427,3369 2427,3374 1621,3374"/>
        </SeparatorRegion>
        <SeparatorRegion id="r_15" custom="readingOrder {index:11;}">
            <Coords points="13,2921 16,2921 16,2999 13,2999"/>
        </SeparatorRegion>
        <SeparatorRegion id="r_16" custom="readingOrder {index:12;}">
            <Coords points="12,3157 17,3157 17,3373 12,3373"/>
        </SeparatorRegion>
        <SeparatorRegion id="r_17" custom="readingOrder {index:13;}">
            <Coords points="2456,108 2479,108 2479,1100 2456,1100"/>
        </SeparatorRegion>
        <SeparatorRegion id="r_18" custom="readingOrder {index:14;}">
            <Coords points="2456,1823 2479,1823 2479,2137 2456,2137"/>
        </SeparatorRegion>
        <SeparatorRegion id="r_19" custom="readingOrder {index:15;}">
            <Coords points="2454,2577 2479,2577 2479,2958 2454,2958"/>
        </SeparatorRegion>
        <SeparatorRegion id="r_20" custom="readingOrder {index:16;}">
            <Coords points="2470,1100 2479,1100 2479,1823 2470,1823"/>
        </SeparatorRegion>
        <SeparatorRegion id="r_21" custom="readingOrder {index:17;}">
            <Coords points="2470,2137 2479,2137 2479,2577 2470,2577"/>
        </SeparatorRegion>
        <SeparatorRegion id="r_22" custom="readingOrder {index:18;}">
            <Coords points="2475,3118 2479,3118 2479,3373 2475,3373"/>
        </SeparatorRegion>
        <SeparatorRegion id="r_23" custom="readingOrder {index:19;}">
            <Coords points="337,3370 430,3370 430,3372 337,3372"/>
        </SeparatorRegion>
    </Page>
</PcGts>
