2479 3508
246 107 365 167 125

639 106 743 166 De
784 112 967 172 Foliis
993 114 1204 174 calidis
1230 115 1295 175 in
1323 115 1532 175 gradum
1545 115 1862 175 secundo.

2124 120 2265 180 126

278 173 565 233 MARRUSTUM
600 175 664 235 seu
676 176 863 236 Prassium
892 178 1021 238 (Germ
1044 180 1215 240 Andorn.)

222 224 350 284 frutex
372 224 417 284 est
434 226 557 286 radice
579 227 769 287 ramosus,
780 229 1009 289 tandicans,
1026 230 1210 290 subhirsu¬

217 275 307 335 tus,
323 276 695 336 quadrangularibus
717 278 852 338 ramis:
875 280 1015 340 folium
1032 281 1212 341 pollicem

208 325 357 385 aequat,
375 328 675 388 subrotundum,
686 330 894 390 hispidum,
905 332 1095 392 rugosum.
1107 332 1211 392 gustu

215 375 387 435 amaro;
403 377 525 437 semen
542 379 579 439 in
600 380 788 440 caulibus,
804 380 841 440 &
857 382 895 442 ex
911 382 1130 442 intervallis,
1136 383 1211 443 flo¬

217 427 273 487 res
297 427 514 487 verticillato
532 429 693 489 ambitu,
704 431 836 491 asperi.
848 433 876 493 *
899 433 1025 493 Hujus
1042 434 1128 494 folia
1145 433 1214 493 sic¬

229 478 266 538 ca
288 478 370 538 cum
386 479 527 539 semine
549 481 706 541 decocta
727 483 765 543 in
781 484 895 544 aqua,
912 484 966 544 aut
982 485 1118 545 viridium
1134 484 1204 544 sue¬

208 529 275 589 cus
293 529 400 589 datur
423 530 513 590 cum
530 532 644 592 melle
661 533 893 593 suspiriosis,
910 536 1171 596 tussientibus,
1182 536 1216 596 &

208 580 265 640 ad
282 581 535 641 tabitudinem
552 583 730 643 redactis.
759 586 937 646 Crassam
954 587 966 647 è
989 586 1138 646 pectore
1161 584 1213 644 pi¬

214 631 357 691 tuitam
374 632 456 692 cum
478 634 566 694 sicca
582 635 627 695 iri
643 636 753 696 ejicit.
764 638 989 698 Mulieribus
1005 638 1022 698 à
1038 638 1143 698 partu
1159 637 1215 697 non

211 682 388 742 purgatis
404 685 539 745 datur,
560 686 604 746 ut
625 688 813 748 menstrua
840 688 872 748 &
893 688 1077 748 secundas
1098 688 1211 748 extra¬

218 733 286 793 hat
304 733 395 793 item
412 734 446 794 in
464 736 606 796 difficili
629 737 749 797 partu,
760 739 794 799 &
812 739 863 799 his
886 740 1097 800 quivenena
1114 738 1211 798 hau¬

212 785 358 845 serunt,
369 786 431 846 aut
448 787 459 847 à
481 788 712 848 serpentibus
735 790 898 850 demorsi
915 790 1010 850 sunt.
1022 791 1207 851 Vesicam,

210 837 373 897 renesque
384 838 508 898 laedit.
525 839 626 899 Folia
649 839 733 899 cum
750 841 862 901 melle
879 842 1070 902 illinuntur
1093 841 1212 901 sordi¬

216 886 276 946 dis
300 887 492 947 ulceribus
516 890 755 950 purgandis:
774 892 947 952 pterygia
977 892 1163 952 nomasque
1175 892 1217 952 si¬

208 940 342 1000 stunt,
354 940 520 1000 laterum
542 941 703 1001 dolores
725 943 918 1003 mitigant.
940 943 1086 1003 Succus
1107 943 1209 1003 foliis

217 989 362 1049 contusis
385 991 597 1051 expressus,
614 993 653 1053 &
664 994 748 1054 Sole
764 994 909 1054 coctus,
921 995 960 1055 ad
977 995 1111 1055 eadem
1127 994 1212 1054 pol¬

208 1043 274 1103 let:
289 1042 377 1102 cum
397 1042 489 1102 vino
515 1042 556 1102 &
577 1043 684 1103 melle
710 1045 822 1105 illitus
843 1045 1048 1105 oculorum
1068 1045 1217 1105 clarita¬

211 1094 291 1154 tem
308 1094 495 1154 adjuvat:
516 1094 677 1154 naribus
699 1096 843 1156 regium
865 1096 1047 1156 morbum
1074 1097 1208 1157 expur¬

214 1144 302 1204 gat.
312 1145 466 1205 aurium
493 1145 695 1205 doloribus
718 1145 991 1205 convenienter
1013 1147 1210 1207 instillatur

217 1195 285 1255 per
302 1196 348 1256 se,
360 1196 417 1256 aut
434 1196 520 1256 cum
531 1196 702 1256 rosaceo.
713 1196 879 1256 Nascitur
896 1197 1010 1257 prope
1033 1199 1204 1259 aedificia,

212 1247 363 1307 ruinas,
375 1247 405 1307 &
423 1247 574 1307 rudera.
592 1249 797 1309 Colligitur
815 1249 936 1309 mense
960 1249 1075 1309 Junii.
1087 1250 1214 1310 Serva¬

218 1300 281 1360 tur
302 1299 365 1359 per
381 1298 549 1358 annum.
564 1299 711 1359 Diosior.

270 1348 496 1408 Marrubium
512 1349 614 1409 apud
641 1351 963 1411 Andromachum
984 1352 1097 1412 viride
1113 1351 1209 1411 acci¬

221 1400 343 1460 pitur,
360 1401 466 1461 quod
483 1402 528 1462 ob
556 1402 673 1462 quam
690 1403 835 1463 causam
858 1403 964 1463 factum
975 1403 1098 1463 fuerit.
1109 1403 1211 1463 equi¬

218 1452 315 1512 dem
330 1451 386 1511 non
402 1451 524 1511 habeo
540 1453 678 1513 dicere,
693 1455 780 1515 cùm
801 1456 964 1516 Galenus
990 1456 1066 1516 non
1082 1453 1220 1513 memi¬

210 1501 306 1561 nerit
323 1503 465 1563 viridis,
476 1504 511 1564 &
528 1504 777 1564 Dioscorides
794 1505 880 1565 velit
897 1505 954 1565 eas
971 1505 1130 1565 frondes
1152 1505 1215 1565 esse

210 1552 325 1612 siccas
346 1553 588 1613 accipiendas
604 1555 677 1615 unà
692 1555 776 1615 cum
792 1555 929 1615 semine
949 1555 1008 1615 aut
1023 1555 1170 1615 succum
1186 1553 1201 1613 è

210 1603 329 1663 viridi
346 1606 563 1666 collectum.
575 1607 740 1667 Fortallis
758 1606 1048 1666 existimandum
1072 1606 1128 1666 est,
1140 1606 1215 1666 An¬

219 1655 448 1715 dromachum
459 1657 577 1717 viridis
592 1658 747 1718 nomine
774 1658 913 1718 recens.
923 1658 956 1718 id
977 1658 1036 1718 est,
1051 1657 1132 1717 non
1148 1657 1212 1717 ob¬

215 1708 403 1768 soletum,
415 1709 474 1769 sed
492 1709 609 1769 statim
627 1709 804 1769 exiccatum
821 1708 975 1768 voluisse
999 1708 1217 1768 intelligere:

219 1760 453 1820 quanquam
468 1760 544 1820 hoc
565 1760 641 1820 non
667 1760 769 1820 adeò
789 1760 952 1820 multum
967 1760 1115 1820 referat.
1130 1759 1207 1819 Da¬

216 1810 409 1870 mocrates
435 1811 571 1871 accipit
592 1811 833 1871 verticillos,
848 1811 885 1871 in
917 1811 1058 1871 quibus
1079 1810 1204 1870 semen

221 1862 454 1922 continetur.
465 1862 532 1922 Sed
548 1862 620 1922 ego
643 1862 748 1922 quasi
765 1862 932 1922 secundum
943 1862 1110 1922 regulam
1127 1861 1204 1921 uni¬

209 1913 393 1973 versalem
416 1913 628 1973 accipetem
651 1913 695 1973 de
724 1913 908 1973 omnibus
942 1913 1076 1973 plantis
1104 1912 1210 1972 fruti¬

214 1964 321 2024 cosis
337 1964 460 2024 totam
476 1964 653 2024 herbam,
663 1964 824 2024 quando
850 1964 984 2024 semine
1006 1964 1048 2024 est
1064 1965 1215 2025 referta,

222 2015 377 2075 abjectis
394 2014 601 2074 radicibus,
617 2014 650 2074 &
668 2014 779 2074 magis
801 2014 957 2074 lignosis
980 2015 1152 2075 partibus,
1169 2017 1202 2077 &

208 2068 304 2128 cùm
322 2068 418 2128 semen
436 2068 645 2128 protulerit,
657 2068 807 2128 forsitan
825 2068 980 2128 frondes
1004 2066 1209 2126 paucead¬

213 2119 350 2179 erunt,
371 2120 431 2180 sed
447 2119 594 2179 majore
616 2119 660 2179 ex
687 2119 791 2179 parte
813 2117 960 2177 tantùm
981 2117 1145 2177 vertillici
1166 2118 1199 2178 in

210 2170 369 2230 circuitu
396 2170 534 2230 caulis,
550 2170 693 2230 ideoque
714 2168 966 2228 Damocrates
983 2168 1114 2228 voluit,
1125 2170 1208 2230 illos

208 2219 364 2279 tantùm
380 2221 589 2281 sumendos
610 2221 694 2281 esse,
704 2219 914 2279 existimans
934 2219 1076 2279 caulem
1097 2220 1211 2280 utpo¬

208 2272 238 2332 re
261 2273 464 2333 lignosum
487 2272 558 2332 esse
582 2272 725 2332 nullius
742 2270 849 2330 usus,
867 2270 1098 2330 quanquam
1116 2270 1211 2330 ideò

215 2324 378 2384 frondes
400 2324 484 2384 non
506 2322 726 2382 improbet.

263 2374 491 2434 MERRHIS
508 2372 654 2432 (Germ.
660 2372 795 2432 Wilder
807 2372 947 2432 korbet.)
959 2371 1140 2431 simillima
1164 2371 1204 2431 est

209 2428 364 2488 cicutae,
376 2426 496 2486 caule,
508 2425 675 2485 foliisque:
693 2423 800 2483 radix
825 2423 849 2483 ei
866 2423 1052 2483 oblonga,
1064 2423 1208 2483 mollis,

220 2477 411 2537 rotunda,
427 2476 608 2536 odorata,
624 2475 703 2535 cibo
730 2474 809 2534 non
830 2474 1011 2534 insuavis.
1033 2474 1202 2534 Nascitur

222 2530 353 2590 passim
370 2528 404 2588 in
427 2528 558 2588 hortis,
569 2527 603 2587 &
615 2527 724 2587 pratis
746 2525 929 2585 nonnullis.
946 2525 1054 2585 Majo
1077 2525 1197 2585 mense

214 2580 326 2640 hujus
343 2579 456 2639 flores
478 2578 698 2638 candicant.
714 2576 725 2636 *
742 2576 838 2636 Quae
855 2576 939 2636 pota
956 2576 990 2636 in
1001 2576 1091 2636 vino
1113 2576 1203 2636 pha¬

209 2632 435 2692 langiorum
461 2630 650 2690 morsibus
671 2629 880 2689 auxiliatur:
896 2627 940 2687 cit
950 2627 1160 2687 menstrua,
1171 2629 1209 2689 &

223 2681 348 2741 partus
365 2681 542 2741 secundos,
559 2680 736 2740 purgatque
759 2678 770 2738 à
793 2677 993 2737 puerperio
1010 2677 1203 2737 foeminas:

217 2734 386 2794 subvenit
410 2734 450 2794 &
462 2732 661 2792 phthisicis
678 2729 783 2789 cocta
800 2728 836 2788 in
853 2728 1075 2788 sorbitione.
1093 2730 1203 2790 Ajunt

215 2785 350 2845 quoque
366 2783 529 2843 eandem
552 2782 608 2842 bis
630 2780 687 2840 die
715 2779 815 2839 terve
832 2779 962 2839 potam
984 2779 1017 2839 ex
1035 2779 1158 2839 vino,
1169 2781 1208 2841 in

214 2837 434 2897 pestilentia
452 2836 649 2896 salutarem
667 2833 756 2893 esse,
773 2833 816 2893 &
827 2832 869 2892 ne
887 2831 1006 2891 morbi
1030 2832 1202 2892 contagia

220 2887 446 2947 sentiantur,
457 2884 617 2944 obstare.
629 2884 849 2944 Dioscorides.

279 2937 486 2997 OCYMUM
520 2935 671 2995 (Germ.
682 2935 951 2995 Basilientraut.
968 2935 1069 2995 Gall.
1080 2935 1209 2995 Basilio.

216 2989 307 3049 Ital.
319 2989 471 3049 Basilico.
483 2987 586 3047 Hisp.
604 2986 842 3046 Albabacha)
860 2986 970 3046 vulgò
994 2986 1207 3046 cognitum.

215 3035 241 3095 *
257 3037 299 3097 Id
327 3038 550 3098 copiosiore
571 3038 662 3098 cibo
678 3037 881 3097 oculorum
902 3037 1024 3097 aciem
1035 3038 1205 3098 hebetat,

221 3089 351 3149 alvum
368 3089 504 3149 mollit,
520 3089 694 3149 spiritum
711 3089 852 3149 movet,
868 3089 1015 3149 urinam
1031 3089 1140 3149 pellit,
1151 3088 1200 3148 lac

214 3142 374 3202 evocat:
395 3141 486 3201 aegrè
502 3142 630 3202 tamen
645 3142 859 3202 conficitur.
869 3142 1008 3202 Illiuum
1024 3139 1110 3199 cum
1120 3138 1205 3198 pol¬

213 3193 294 3253 line
310 3191 492 3251 polentae,
503 3191 609 3251 aceto
631 3192 663 3252 &
674 3193 845 3253 rosaceno,
855 3193 1048 3253 pulmonum
1059 3188 1214 3248 inflam¬

219 3242 465 3302 mationibus
481 3242 617 3302 auxilio
639 3243 699 3303 est.
710 3244 891 3304 Draconis
912 3242 1054 3302 marini,
1070 3241 1103 3301 &
1114 3240 1212 3300 scor¬

222 3295 353 3355 pionis
366 3296 503 3356 ictibus
523 3298 581 3358 per
602 3298 634 3358 se
654 3298 817 3358 prodest:
830 3298 863 3358 &
883 3298 962 3358 cum
975 3298 1066 3358 vino
1086 3298 1203 3358 Chio,

1224 181 1258 241 A
1280 181 1491 241 oculorum
1508 181 1724 241 doloribus.
1736 181 1878 241 Succus
1895 181 1992 241 visus
2015 182 2174 242 caliginem
2192 185 2271 245 abs¬

1283 232 1405 292 tergit:
1416 233 1682 293 destillationes
1703 233 1853 293 exiccat.
1868 233 2002 293 Semen
2023 234 2156 294 potum
2178 237 2273 297 con¬

1284 283 1385 343 venit
1410 284 1522 344 atram
1547 284 1666 344 bilem
1683 283 1957 343 gignentibus,
1975 285 2118 345 difficili
2136 289 2267 349 urinae,

1277 331 1466 391 inflatisque
1477 334 1626 394 naribus
1655 335 1845 395 haustum,
1862 335 2016 395 subinde
2033 335 2160 395 movet
2177 337 2268 397 ster¬

1269 385 1507 445 nutamenta.
1524 386 1629 446 quod
1640 385 1745 445 idem
1762 385 1873 445 herba
1895 385 2022 445 efficit.
2038 386 2110 446 Sed
2127 388 2265 448 oculos

1278 434 1396 494 premi
1412 437 1599 497 necessum
1620 437 1680 497 est,
1690 437 1770 497 cùm
1787 436 2129 496 sternutamentum
2145 439 2268 499 urget.

1269 485 1376 545 Sunt,
1387 487 1446 547 qui
1462 487 1500 547 in
1521 488 1613 548 cibis
1634 488 1897 548 abdicandum
1914 487 2112 547 censeant:
2133 489 2262 549 quan¬

1277 537 1496 597 doquidem
1511 539 1810 599 manducatum,
1826 539 1858 599 &
1869 538 1907 598 in
1928 538 2013 598 Sole
2040 539 2173 599 positum
2184 541 2263 601 ver¬

1282 586 1446 646 miculos
1462 589 1577 649 creat.
1594 590 1708 650 Aphri
1731 590 1862 650 autem
1883 589 2081 649 adjiciunt,
2091 589 2113 649 si
2130 589 2266 649 ferian¬

1278 637 1334 697 tur
1350 638 1368 698 à
1384 641 1597 701 scorpione,
1614 641 1670 701 qui
1687 641 1872 701 ocymum
1888 640 2039 700 ederint,
2050 640 2151 700 nullo
2174 643 2263 703 con¬

1223 696 1250 756 B
1278 692 1419 752 flictari
1436 691 1587 751 dolore.
1599 692 1817 752 Dioscorides.

1320 743 1667 803 PIMPINELLAE
1689 743 1837 803 (Germ.
1848 741 2046 801 Bibinellen.
2057 740 2156 800 Gall.
2173 742 2266 802 Pim¬

1271 795 1393 855 pinelle
1411 794 1621 854 appellant)
1645 793 1727 853 duo
1750 793 1937 853 habentur
1948 793 2106 853 genera.
2123 794 2257 854 Major

1278 844 1403 904 radice
1425 844 1556 904 nititur
1577 844 1718 904 longa:
1740 844 1838 904 foliis
1854 844 2148 904 circumquaque
2175 844 2257 904 solo

1285 895 1652 955 procumbentibus,
1663 895 1847 955 dissectis,
1863 895 1930 955 per
1947 895 2176 955 ambitumque
2187 895 2259 955 ser¬

1270 946 1375 1006 ratis:
1386 946 1482 1006 caule
1504 946 1811 1006 quadrangulari:
1828 944 1985 1004 floribus
2001 944 2035 1004 in
2051 945 2258 1005 umbellam

1282 997 1575 1057 cohaerentibus,
1586 995 1783 1055 tenuibus,
1793 997 2103 1057 albicantibusque.
2124 997 2262 1057 Minor

1276 1046 1378 1106 caule
1401 1048 1471 1108 exit
1487 1048 1645 1108 rubenti:
1656 1048 1748 1108 foliis
1770 1046 1992 1106 minoribus,
2009 1046 2134 1106 minùs
2151 1045 2264 1105 disse¬

1271 1097 1354 1157 ctis,
1366 1099 1585 1159 minutiusque
1602 1099 1759 1159 serratis.
1781 1099 1950 1159 Utraque
1967 1097 2096 1157 tamen
2113 1097 2264 1157 hircum

1271 1149 1435 1209 redolet.
1452 1150 1589 1210 Opacis
1610 1148 1698 1208 locis
1715 1148 1852 1208 minus,
1863 1148 1890 1208 in
1912 1148 2021 1208 pratis
2043 1148 2125 1208 autem
2142 1148 2262 1208 majus

1233 1204 1260 1264 C
1281 1201 1429 1261 affatim
1445 1201 1530 1261 citra
1546 1199 1689 1259 cultum
1705 1199 1885 1259 erumpit.
1901 1199 2044 1259 Aestate
2060 1199 2092 1259 in
2113 1198 2261 1258 autum¬

1273 1252 1374 1312 num
1390 1252 1470 1312 usque
1482 1252 1604 1312 floret.
1620 1250 1759 1310 Radix,
1771 1250 1802 1310 in
1823 1250 1893 1310 qua
1909 1249 2022 1309 virtus
2043 1249 2118 1309 tota
2139 1249 2267 1309 consi¬

1270 1303 1344 1363 stit,
1356 1303 1584 1363 excalefacit,
1596 1302 1744 1362 siccatque
1761 1301 1887 1361 ordine
1910 1300 2069 1360 secundo
2093 1300 2269 1360 comple¬

1270 1354 1324 1414 to,
1335 1354 1395 1414 aut
1411 1355 1492 1415 sanè
1514 1354 1622 1414 tertio
1644 1352 1872 1412 incipiente.
1894 1351 1920 1411 *
1931 1351 2089 1411 Praestat
2116 1351 2192 1411 haec
2219 1352 2262 1412 ad

1275 1405 1410 1465 renum
1430 1405 1467 1465 &
1477 1405 1591 1465 vesicę
1612 1405 1783 1465 morbos,
1794 1403 1918 1463 quorum
1934 1402 2090 1462 calculus
2110 1400 2152 1460 est
2173 1399 2261 1459 cau¬

1267 1456 1317 1516 sa.
1328 1456 1384 1516 Ob
1401 1457 1435 1517 id
1457 1457 1553 1517 enim
1569 1456 1669 1516 renes
1692 1456 1704 1516 à
1720 1454 1871 1514 calculis
1888 1453 2056 1513 expedit,
2067 1453 2100 1513 &
2112 1453 2263 1513 urinam

1277 1507 1508 1567 remoratam
1525 1507 1649 1567 pellit.
1661 1507 1819 1567 Prodest
1841 1505 2027 1565 expressus
2044 1504 2061 1564 è
2078 1504 2270 1564 radicibus

1276 1556 1402 1616 succus
1419 1556 1452 1616 ex
1473 1556 1561 1616 vino
1583 1556 1758 1616 haustus,
1769 1555 1955 1615 deleteriis
1977 1556 2262 1616 medicamentis,

1277 1609 1312 1669 &
1324 1607 1570 1667 venenosorum
1588 1606 1805 1666 animalium
1823 1606 2029 1666 morsibus.
2046 1606 2128 1666 Qua
2146 1606 2263 1666 ratio¬

1274 1658 1316 1718 ne
1337 1658 1412 1718 non
1433 1658 1583 1718 desunt,
1598 1657 1667 1717 qui
1678 1657 1721 1717 ad
1742 1655 2008 1715 pestilentiam,
2019 1657 2152 1717 radicem
2163 1658 2258 1718 hanc

1229 1711 1257 1771 D
1280 1711 1377 1771 miris
1394 1708 1536 1768 laudib.
1548 1708 1702 1768 efferant
1724 1706 1776 1766 Est
1799 1706 1833 1766 &
1845 1706 1907 1766 alia
1930 1708 2169 1768 Pimpinella,
2181 1708 2260 1768 quae

1271 1763 1310 1823 ab
1327 1762 1424 1822 Italis
1446 1759 1649 1819 Solbalstella
1672 1757 1920 1817 nominatur,
1936 1756 2044 1816 nullis
2061 1756 2111 1816 non
2128 1756 2263 1816 cogni¬

1274 1813 1325 1873 ta,
1336 1811 1468 1871 utpote
1491 1811 1559 1871 quę
1576 1810 1736 1870 acetariis
1758 1808 2055 1868 frequentissimè
2072 1807 2266 1867 inseratur.

1278 1862 1419 1922 Verùm
1441 1862 1515 1922 haec
1532 1861 1572 1921 ab
1594 1861 1791 1921 antedictis
1814 1859 1898 1919 logè
1921 1858 2192 1918 distatviribus,
2203 1859 2271 1919 etsi

1282 1913 1468 1973 foliorum
1489 1912 1582 1972 facie
1598 1912 1680 1972 satis
1702 1912 1795 1972 inter
1811 1910 1838 1970 se
1860 1910 2105 1970 conveniant.
2127 1909 2263 1969 Siqui¬

1278 1964 1362 2024 dem
1379 1964 1508 2024 ultima
1531 1963 1604 2023 haec
1621 1962 1762 2022 gustata
1784 1961 1863 2021 non
1886 1960 2010 2020 leviter
2026 1960 2268 2020 adstringens

1269 2016 1493 2076 percipitur,
1509 2014 1548 2074 &
1559 2013 1717 2073 lentoris
1739 2012 1897 2072 copiam
1913 2012 2055 2072 praebet
2077 2012 2186 2072 Unde
2203 2011 2262 2071 fa¬

1268 2068 1334 2128 cilè
1351 2066 1578 2126 conjicitur,
1601 2065 1678 2125 eam
1695 2063 1767 2123 esse
1790 2062 2040 2122 adstrictoriae
2062 2062 2273 2122 facultatis.

1270 2117 1364 2177 Hinc
1381 2117 1476 2177 itaque
1493 2116 1560 2176 fit,
1577 2115 1805 2175 utmuliebre
1827 2113 2056 2173 profluvium
2072 2110 2251 2170 efficacis¬

1276 2168 1365 2228 simè
1392 2168 1503 2228 sistat:
1520 2166 1798 2226 dysenteriam,
1809 2164 1848 2224 &
1865 2164 2026 2224 taeteros
2048 2162 2115 2222 alvi
2126 2162 2254 2222 fluxus

1220 2224 1264 2284 E,
1274 2221 1476 2281 cohibeat:
1492 2218 1585 2278 quin
1601 2216 1639 2276 et
1656 2215 1802 2275 biliosas
1819 2213 2047 2273 vomitiones
2064 2212 2259 2272 reprimat:

1273 2272 1401 2332 Herba
1418 2270 1490 2330 ipsa
1512 2269 1662 2329 vnlara
1691 2267 1724 2327 &
1735 2266 1857 2326 ulcera
1875 2265 1986 2325 sanat:
2008 2263 2258 2323 miscetuique

1274 2321 1498 2381 unguentis,
1514 2320 1602 2380 quae
1612 2320 1689 2380 tum
1711 2318 1760 2378 ad
1782 2317 1908 2377 capitis
1924 2315 2098 2375 vulnera,
2115 2314 2191 2374 tum
2213 2314 2262 2374 ad

1279 2371 1536 2431 carcinomata
1558 2369 1755 2429 parantur.
1771 2368 2029 2428 contagiosis,
2045 2363 2263 2423 pestilenti¬

1276 2422 1394 2482 busque
1405 2422 1568 2482 febribus
1590 2420 1748 2480 maximè
1764 2417 2074 2477 commendatur.
2090 2416 2192 2476 Sunt,
2203 2414 2265 2474 qui

1270 2473 1353 2533 eam
1373 2474 1545 2534 Elatinen
1560 2473 1628 2533 esse
1648 2470 1798 2530 putent.
1809 2467 2032 2527 Matthiolus.

1332 2525 1651 2585 PEUCEDANUM
1672 2522 1814 2582 (Geim.
1829 2518 2102 2578 Harstrang/oder
2123 2513 2270 2573 Shwe¬

1274 2575 1513 2635 felwurz/oder
1535 2572 1758 2632 Sawfenchel.
1768 2569 1848 2629 Gal.
1859 2567 2098 2627 Paucedame.)
2114 2566 2257 2626 caulem

1276 2627 1410 2687 emittit
1421 2626 1592 2686 tenuem,
1602 2622 1870 2682 gracilentum,
1876 2617 2064 2677 foeniculo
2079 2617 2256 2677 similem:

1279 2678 1429 2738 comam
1445 2677 1552 2737 habet
1574 2674 1691 2734 statim
1713 2672 1756 2732 ab
1772 2671 1857 2731 terra
1879 2669 2087 2729 copiosam,
2099 2668 2264 2728 spissam.

1272 2731 1361 2791 que:
1372 2729 1461 2789 flore
1484 2726 1601 2786 luteo:
1606 2725 1723 2785 radice
1746 2722 1863 2782 nigra,
1874 2721 1991 2781 trassa,
2002 2720 2102 2780 gravi
2118 2720 2252 2780 odore,

1274 2779 1440 2839 succosa.
1461 2777 1599 2837 Tenera
1621 2775 1720 2835 radix
1747 2773 1901 2833 cultello
1923 2770 2155 2830 conciditur,
2171 2770 2264 2830 pro¬

1280 2831 1443 2891 fluensque
1460 2830 1471 2890 è
1493 2828 1595 2888 plaga
1617 2826 1741 2886 succus
1758 2823 1893 2883 umbrę
1910 2820 2130 2880 mandatur:
2135 2819 2169 2879 in
2191 2819 2264 2879 So¬

1273 2883 1306 2943 le
1323 2881 1475 2941 siquidem
1491 2878 1689 2938 confestim
1705 2875 1907 2935 evanescit.
1924 2872 2121 2932 Colligitur
2144 2872 2267 2932 capite

1273 2936 1370 2996 prius
1394 2933 1422 2993 &
1439 2930 1560 2990 narib.
1571 2927 1726 2987 10saceo
1743 2926 1916 2986 perfusis,
1933 2924 1973 2984 ne
1996 2923 2123 2983 capitis
2140 2921 2249 2981 dolor

1273 2984 1428 3044 premat,
1444 2981 1477 3041 &
1487 2980 1632 3040 vertigo
1653 2978 1851 3038 sentiatur.
1867 2974 2060 3034 Assatione
2081 2973 2178 3033 radix
2200 2971 2264 3031 in¬

1268 3034 1366 3094 utilis
1383 3034 1441 3094 fit.
1464 3032 1562 3092 Tam
1580 3031 1655 3091 lac,
1672 3029 1781 3089 quàm
1799 3028 1932 3088 succus
1954 3025 2076 3085 radice
2099 3022 2134 3082 &
2145 3022 2266 3082 cauli¬

1270 3086 1336 3146 bus
1352 3084 1495 3144 extrahi
1517 3082 1621 3142 solet,
1632 3080 1730 3140 sicuti
1746 3079 1757 3139 è
1780 3076 2042 3136 mandragora:
2053 3074 2180 3134 verùm
2196 3071 2261 3131 in¬

1273 3136 1465 3196 efficacior
1487 3134 1597 3194 succo
1619 3133 1811 3193 lachryma
1839 3129 2019 3189 habetur,
2036 3127 2069 3187 &
2085 3123 2255 3183 velociùs

1276 3187 1440 3247 expitat.
1457 3185 1653 3245 Interdum
1670 3183 1780 3243 etiam
1807 3179 1976 3239 concreta
2003 3175 2190 3235 invenitur
2206 3169 2260 3229 la¬

1278 3224 2147 3294 chryma, thuris similitudine, caulibus radicibus¬
1278 3295 1360 3355 que
1379 3293 1606 3353 adhaerens.
