<?xml version="1.0" encoding="UTF-8" standalone="yes"?>
<PcGts xmlns="http://schema.primaresearch.org/PAGE/gts/pagecontent/2013-07-15" xmlns:xsi="http://www.w3.org/2001/XMLSchema-instance" xsi:schemaLocation="http://schema.primaresearch.org/PAGE/gts/pagecontent/2013-07-15 http://schema.primaresearch.org/PAGE/gts/pagecontent/2013-07-15/pagecontent.xsd">
    <Metadata>
        <Creator>prov=READ-COOP:name=PyLaia@TranskribusPlatform:version=0.7.5:model_id=37855:lm=none:date=23_09_2022_18:44
prov=READ-COOP:name=PyLaia@Transkribus:version=0.7.5:model_id=37855:date=23_09_2022_18:42
prov=University of Rostock/Institute of Mathematics/CITlab|PLANET AI GmbH/Tobias Gruening/tobias.gruening@planet-ai.de:name=de.uros.citlab.module.baseline2polygon.B2PSeamMultiOriented:v=2.6.7</Creator>
        <Created>2022-09-23T18:01:46.066+02:00</Created>
        <LastChange>2025-10-15T18:18:05.479+02:00</LastChange>
        <Comments>
                Measurement unit: pixel
                PrimaryLanguage: 
                Producer: Transkribus
            </Comments>
        <TranskribusMetadata docId="1164174" pageId="47630703" pageNr="91" tsid="258025468" status="FINAL" userId="426746" imgUrl="https://files.transkribus.eu/Get?id=JGEPTZSLPMQZPCWPGLVTNOIZ&amp;fileType=view" xmlUrl="https://files.transkribus.eu/Get?id=MGDYBPJGUIDGIPDSTIHNOCBH" imageId="38929854"/>
    </Metadata>
    <Page imageFilename="0091_p091.jpg" imageWidth="2479" imageHeight="3508">
        <PrintSpace>
            <Coords points="21,0 2479,0 2479,3416 21,3416"/>
        </PrintSpace>
        <ReadingOrder>
            <OrderedGroup id="ro_1760787104026" caption="Regions reading order">
                <RegionRefIndexed index="0" regionRef="r_1_1"/>
                <RegionRefIndexed index="1" regionRef="r_2_1"/>
                <RegionRefIndexed index="2" regionRef="r_3_1"/>
                <RegionRefIndexed index="3" regionRef="r_5_1"/>
                <RegionRefIndexed index="4" regionRef="r_9_1"/>
                <RegionRefIndexed index="5" regionRef="r_7_1"/>
                <RegionRefIndexed index="6" regionRef="r_10_1"/>
            </OrderedGroup>
        </ReadingOrder>
        <TextRegion orientation="0.0" type="paragraph" id="r_1_1" custom="readingOrder {index:0;} structure {type:page-number;}">
            <Coords points="255,104 423,104 423,173 255,173"/>
            <TextLine id="r_1_1l1" custom="readingOrder {index:0;}">
                <Coords points="251,178 313,186 318,180 334,185 342,177 357,184 390,159 427,168 424,91 398,84 380,103 356,83 286,80 263,102 248,102"/>
                <Baseline points="264,156 289,158 314,158 339,158 364,155 389,153 414,153"/>
                <Word id="r_1_1l1_w1" custom="readingOrder {index:0;}">
                    <Coords points="263,118 263,178 410,178 410,118"/>
                    <TextEquiv>
                        <Unicode>127</Unicode>
                    </TextEquiv>
                </Word>
                <TextEquiv>
                    <Unicode>127</Unicode>
                </TextEquiv>
            </TextLine>
            <TextEquiv>
                <Unicode></Unicode>
            </TextEquiv>
        </TextRegion>
        <TextRegion orientation="0.0" type="paragraph" id="r_2_1" custom="readingOrder {index:1;} structure {type:header;}">
            <Coords points="763,57 1815,57 1815,177 763,177"/>
            <TextLine id="r_2_1l1" custom="readingOrder {index:0;}">
                <Coords points="760,175 1743,157 1813,138 1812,58 758,53"/>
                <Baseline points="773,141 824,141 875,141 927,141 978,140 1029,140 1081,139 1132,138 1183,137 1235,137 1286,135 1337,135 1389,134 1440,134 1491,132 1543,132 1594,131 1645,131 1697,131 1748,131 1800,131"/>
                <Word id="r_2_1l1_w1" custom="readingOrder {index:0;}">
                    <Coords points="774,100 774,160 1169,160 1169,100"/>
                    <TextEquiv>
                        <Unicode>Antidotarii</Unicode>
                    </TextEquiv>
                </Word>
                <Word id="r_2_1l1_w2" custom="readingOrder {index:1;}">
                    <Coords points="1209,94 1209,154 1481,154 1481,94"/>
                    <TextEquiv>
                        <Unicode>specialis</Unicode>
                    </TextEquiv>
                </Word>
                <Word id="r_2_1l1_w3" custom="readingOrder {index:2;}">
                    <Coords points="1549,91 1549,151 1713,151 1713,91"/>
                    <TextEquiv>
                        <Unicode>Lib.</Unicode>
                    </TextEquiv>
                </Word>
                <Word id="r_2_1l1_w4" custom="readingOrder {index:3;}">
                    <Coords points="1741,91 1741,151 1823,151 1823,91"/>
                    <TextEquiv>
                        <Unicode>I.</Unicode>
                    </TextEquiv>
                </Word>
                <TextEquiv>
                    <Unicode>Antidotarii specialis Lib. I.</Unicode>
                </TextEquiv>
            </TextLine>
            <TextEquiv>
                <Unicode></Unicode>
            </TextEquiv>
        </TextRegion>
        <TextRegion orientation="0.0" type="paragraph" id="r_3_1" custom="readingOrder {index:2;} structure {type:page-number;}">
            <Coords points="2155,76 2315,76 2315,137 2155,137"/>
            <TextLine id="r_3_1l1" custom="readingOrder {index:0;}">
                <Coords points="2145,131 2163,132 2175,146 2207,137 2232,154 2271,156 2287,144 2321,141 2324,89 2311,88 2293,72 2256,83 2223,73 2210,80 2200,74 2148,77"/>
                <Baseline points="2159,120 2184,122 2209,123 2234,124 2259,125 2284,127 2309,129"/>
                <Word id="r_3_1l1_w1" custom="readingOrder {index:0;}">
                    <Coords points="2153,83 2153,143 2286,143 2286,83"/>
                    <TextEquiv>
                        <Unicode>128</Unicode>
                    </TextEquiv>
                </Word>
                <TextEquiv>
                    <Unicode>128</Unicode>
                </TextEquiv>
            </TextLine>
            <TextEquiv>
                <Unicode></Unicode>
            </TextEquiv>
        </TextRegion>
        <TextRegion orientation="0.0" type="paragraph" id="r_5_1" custom="readingOrder {index:3;} structure {type:paragraph;}">
            <Coords points="228,154 1234,154 1234,829 228,829"/>
            <TextLine id="l_1" custom="readingOrder {index:0;}">
                <Coords points="1243,225 224,246 223,160 1243,142"/>
                <Baseline points="237,222 340,220 444,218 548,216 652,215 755,213 859,210 963,209 1067,207 1170,206 1243,205"/>
                <TextEquiv>
                    <Unicode>Sämothrace colore rufo, odore gravi, fervens</Unicode>
                </TextEquiv>
            </TextLine>
            <TextLine id="r_5_1l1" custom="readingOrder {index:1;}">
                <Coords points="234,300 379,271 1170,278 1235,269 1234,214 233,242"/>
                <Baseline points="246,275 294,273 343,272 392,270 441,269 489,269 538,267 587,266 636,266 684,264 733,264 782,263 831,263 879,261 928,261 977,260 1026,260 1074,258 1123,258 1172,257 1221,257"/>
                <Word id="r_5_1l1_w1" custom="readingOrder {index:0;}">
                    <Coords points="234,232 234,292 385,292 385,232"/>
                    <TextEquiv>
                        <Unicode>gustu.*</Unicode>
                    </TextEquiv>
                </Word>
                <Word id="r_5_1l1_w2" custom="readingOrder {index:1;}">
                    <Coords points="403,229 403,289 451,289 451,229"/>
                    <TextEquiv>
                        <Unicode>Ex</Unicode>
                    </TextEquiv>
                </Word>
                <Word id="r_5_1l1_w3" custom="readingOrder {index:2;}">
                    <Coords points="475,227 475,287 559,287 559,227"/>
                    <TextEquiv>
                        <Unicode>oleo</Unicode>
                    </TextEquiv>
                </Word>
                <Word id="r_5_1l1_w4" custom="readingOrder {index:3;}">
                    <Coords points="583,226 583,286 619,286 619,226"/>
                    <TextEquiv>
                        <Unicode>&amp;</Unicode>
                    </TextEquiv>
                </Word>
                <Word id="r_5_1l1_w5" custom="readingOrder {index:4;}">
                    <Coords points="631,224 631,284 787,284 787,224"/>
                    <TextEquiv>
                        <Unicode>rosaceo</Unicode>
                    </TextEquiv>
                </Word>
                <Word id="r_5_1l1_w6" custom="readingOrder {index:5;}">
                    <Coords points="805,221 805,281 937,281 937,221"/>
                    <TextEquiv>
                        <Unicode>illitum</Unicode>
                    </TextEquiv>
                </Word>
                <Word id="r_5_1l1_w7" custom="readingOrder {index:6;}">
                    <Coords points="956,218 956,278 1232,278 1232,218"/>
                    <TextEquiv>
                        <Unicode>Peucedanum</Unicode>
                    </TextEquiv>
                </Word>
                <TextEquiv>
                    <Unicode>gustu.* Ex oleo &amp; rosaceo illitum Peucedanum</Unicode>
                </TextEquiv>
            </TextLine>
            <TextLine id="r_5_1l2" custom="readingOrder {index:2;}">
                <Coords points="233,351 1242,316 1217,267 232,299"/>
                <Baseline points="245,329 294,327 343,324 392,323 441,321 491,320 540,319 589,318 638,317 687,315 737,315 786,314 835,314 884,312 933,312 983,311 1032,311 1081,310 1130,309 1179,308 1229,308"/>
                <Word id="r_5_1l2_w1" custom="readingOrder {index:0;}">
                    <Coords points="234,285 234,345 392,345 392,285"/>
                    <TextEquiv>
                        <Unicode>prodest</Unicode>
                    </TextEquiv>
                </Word>
                <Word id="r_5_1l2_w2" custom="readingOrder {index:1;}">
                    <Coords points="411,279 411,339 641,339 641,279"/>
                    <TextEquiv>
                        <Unicode>lethargicis,</Unicode>
                    </TextEquiv>
                </Word>
                <Word id="r_5_1l2_w3" custom="readingOrder {index:2;}">
                    <Coords points="654,274 654,334 890,334 890,274"/>
                    <TextEquiv>
                        <Unicode>phreniticis,</Unicode>
                    </TextEquiv>
                </Word>
                <Word id="r_5_1l2_w4" custom="readingOrder {index:3;}">
                    <Coords points="903,271 903,331 1159,331 1159,271"/>
                    <TextEquiv>
                        <Unicode>vertiginosis,</Unicode>
                    </TextEquiv>
                </Word>
                <Word id="r_5_1l2_w5" custom="readingOrder {index:4;}">
                    <Coords points="1173,268 1173,328 1244,328 1244,268"/>
                    <TextEquiv>
                        <Unicode>co¬</Unicode>
                    </TextEquiv>
                </Word>
                <TextEquiv>
                    <Unicode>prodest lethargicis, phreniticis, vertiginosis, co¬</Unicode>
                </TextEquiv>
            </TextLine>
            <TextLine id="r_5_1l3" custom="readingOrder {index:3;}">
                <Coords points="235,388 1221,384 1236,324 997,302 966,329 234,349"/>
                <Baseline points="248,377 296,377 345,375 394,374 443,372 491,372 540,371 589,369 638,368 686,367 735,366 784,365 833,365 881,363 930,363 979,363 1028,362 1076,362 1125,362 1174,362 1223,362"/>
                <Word id="r_5_1l3_w1" custom="readingOrder {index:0;}">
                    <Coords points="236,335 236,395 445,395 445,335"/>
                    <TextEquiv>
                        <Unicode>mitialibus</Unicode>
                    </TextEquiv>
                </Word>
                <Word id="r_5_1l3_w2" custom="readingOrder {index:1;}">
                    <Coords points="464,332 464,392 503,392 503,332"/>
                    <TextEquiv>
                        <Unicode>&amp;</Unicode>
                    </TextEquiv>
                </Word>
                <Word id="r_5_1l3_w3" custom="readingOrder {index:2;}">
                    <Coords points="522,329 522,389 620,389 620,329"/>
                    <TextEquiv>
                        <Unicode>logis</Unicode>
                    </TextEquiv>
                </Word>
                <Word id="r_5_1l3_w4" custom="readingOrder {index:3;}">
                    <Coords points="640,326 640,386 771,386 771,326"/>
                    <TextEquiv>
                        <Unicode>capitis</Unicode>
                    </TextEquiv>
                </Word>
                <Word id="r_5_1l3_w5" custom="readingOrder {index:4;}">
                    <Coords points="796,323 796,383 1031,383 1031,323"/>
                    <TextEquiv>
                        <Unicode>doloribus,</Unicode>
                    </TextEquiv>
                </Word>
                <Word id="r_5_1l3_w6" custom="readingOrder {index:5;}">
                    <Coords points="1044,322 1044,382 1233,382 1233,322"/>
                    <TextEquiv>
                        <Unicode>resolutis,</Unicode>
                    </TextEquiv>
                </Word>
                <TextEquiv>
                    <Unicode>mitialibus &amp; logis capitis doloribus, resolutis,</Unicode>
                </TextEquiv>
            </TextLine>
            <TextLine id="r_5_1l4" custom="readingOrder {index:4;}">
                <Coords points="227,444 1236,422 1196,368 226,385"/>
                <Baseline points="240,429 289,428 338,426 387,425 436,425 486,423 535,422 584,421 633,420 682,419 732,417 781,417 830,416 879,414 928,414 978,413 1027,413 1076,411 1125,411 1174,410 1224,410"/>
                <Word id="r_5_1l4_w1" custom="readingOrder {index:0;}">
                    <Coords points="227,385 227,445 463,445 463,385"/>
                    <TextEquiv>
                        <Unicode>ischiadicis,</Unicode>
                    </TextEquiv>
                </Word>
                <Word id="r_5_1l4_w2" custom="readingOrder {index:1;}">
                    <Coords points="474,381 474,441 676,441 676,381"/>
                    <TextEquiv>
                        <Unicode>convulsis:</Unicode>
                    </TextEquiv>
                </Word>
                <Word id="r_5_1l4_w3" custom="readingOrder {index:2;}">
                    <Coords points="693,376 693,436 877,436 877,376"/>
                    <TextEquiv>
                        <Unicode>omnibus</Unicode>
                    </TextEquiv>
                </Word>
                <Word id="r_5_1l4_w4" custom="readingOrder {index:3;}">
                    <Coords points="900,374 900,434 929,434 929,374"/>
                    <TextEquiv>
                        <Unicode>in</Unicode>
                    </TextEquiv>
                </Word>
                <Word id="r_5_1l4_w5" custom="readingOrder {index:4;}">
                    <Coords points="952,371 952,431 1159,431 1159,371"/>
                    <TextEquiv>
                        <Unicode>universum</Unicode>
                    </TextEquiv>
                </Word>
                <Word id="r_5_1l4_w6" custom="readingOrder {index:5;}">
                    <Coords points="1176,370 1176,430 1233,430 1233,370"/>
                    <TextEquiv>
                        <Unicode>vi¬</Unicode>
                    </TextEquiv>
                </Word>
                <TextEquiv>
                    <Unicode>ischiadicis, convulsis: omnibus in universum vi¬</Unicode>
                </TextEquiv>
            </TextLine>
            <TextLine id="r_5_1l5" custom="readingOrder {index:5;}">
                <Coords points="232,486 1210,485 1246,474 1246,427 231,445"/>
                <Baseline points="245,479 294,479 343,477 393,477 442,476 492,474 541,473 590,473 640,471 689,470 739,469 788,468 837,467 887,466 936,465 986,465 1035,464 1084,464 1134,464 1183,464 1233,464"/>
                <Word id="r_5_1l5_w1" custom="readingOrder {index:0;}">
                    <Coords points="226,439 226,499 285,499 285,439"/>
                    <TextEquiv>
                        <Unicode>tiis</Unicode>
                    </TextEquiv>
                </Word>
                <Word id="r_5_1l5_w2" custom="readingOrder {index:1;}">
                    <Coords points="303,436 303,496 529,496 529,436"/>
                    <TextEquiv>
                        <Unicode>nervorum,</Unicode>
                    </TextEquiv>
                </Word>
                <Word id="r_5_1l5_w3" custom="readingOrder {index:2;}">
                    <Coords points="542,433 542,493 583,493 583,433"/>
                    <TextEquiv>
                        <Unicode>ex</Unicode>
                    </TextEquiv>
                </Word>
                <Word id="r_5_1l5_w4" custom="readingOrder {index:3;}">
                    <Coords points="607,430 607,490 690,490 690,430"/>
                    <TextEquiv>
                        <Unicode>oleo</Unicode>
                    </TextEquiv>
                </Word>
                <Word id="r_5_1l5_w5" custom="readingOrder {index:4;}">
                    <Coords points="714,429 714,489 750,489 750,429"/>
                    <TextEquiv>
                        <Unicode>&amp;</Unicode>
                    </TextEquiv>
                </Word>
                <Word id="r_5_1l5_w6" custom="readingOrder {index:5;}">
                    <Coords points="762,427 762,487 869,487 869,427"/>
                    <TextEquiv>
                        <Unicode>aceto</Unicode>
                    </TextEquiv>
                </Word>
                <Word id="r_5_1l5_w7" custom="readingOrder {index:6;}">
                    <Coords points="892,425 892,485 1047,485 1047,425"/>
                    <TextEquiv>
                        <Unicode>illitum,</Unicode>
                    </TextEquiv>
                </Word>
                <Word id="r_5_1l5_w8" custom="readingOrder {index:7;}">
                    <Coords points="1059,424 1059,484 1243,484 1243,424"/>
                    <TextEquiv>
                        <Unicode>prodest.</Unicode>
                    </TextEquiv>
                </Word>
                <TextEquiv>
                    <Unicode>tiis nervorum, ex oleo &amp; aceto illitum, prodest.</Unicode>
                </TextEquiv>
            </TextLine>
            <TextLine id="r_5_1l6" custom="readingOrder {index:6;}">
                <Coords points="236,543 1240,528 1239,473 235,489"/>
                <Baseline points="249,530 297,530 346,528 395,528 444,527 493,525 542,525 591,524 640,522 689,521 738,521 786,519 835,518 884,517 933,516 982,516 1031,515 1080,515 1129,515 1178,515 1227,515"/>
                <Word id="r_5_1l6_w1" custom="readingOrder {index:0;}">
                    <Coords points="236,490 236,550 331,550 331,490"/>
                    <TextEquiv>
                        <Unicode>Ejus</Unicode>
                    </TextEquiv>
                </Word>
                <Word id="r_5_1l6_w2" custom="readingOrder {index:1;}">
                    <Coords points="350,487 350,547 492,547 492,487"/>
                    <TextEquiv>
                        <Unicode>olfactu</Unicode>
                    </TextEquiv>
                </Word>
                <Word id="r_5_1l6_w3" custom="readingOrder {index:2;}">
                    <Coords points="510,483 510,543 689,543 689,483"/>
                    <TextEquiv>
                        <Unicode>respitant</Unicode>
                    </TextEquiv>
                </Word>
                <Word id="r_5_1l6_w4" custom="readingOrder {index:3;}">
                    <Coords points="701,480 701,540 820,540 820,480"/>
                    <TextEquiv>
                        <Unicode>vulvae</Unicode>
                    </TextEquiv>
                </Word>
                <Word id="r_5_1l6_w5" custom="readingOrder {index:4;}">
                    <Coords points="838,476 838,536 1106,536 1106,476"/>
                    <TextEquiv>
                        <Unicode>strangulatus,</Unicode>
                    </TextEquiv>
                </Word>
                <Word id="r_5_1l6_w6" custom="readingOrder {index:5;}">
                    <Coords points="1118,475 1118,535 1154,535 1154,475"/>
                    <TextEquiv>
                        <Unicode>&amp;</Unicode>
                    </TextEquiv>
                </Word>
                <Word id="r_5_1l6_w7" custom="readingOrder {index:6;}">
                    <Coords points="1166,475 1166,535 1231,535 1231,475"/>
                    <TextEquiv>
                        <Unicode>ve¬</Unicode>
                    </TextEquiv>
                </Word>
                <TextEquiv>
                    <Unicode>Ejus olfactu respitant vulvae strangulatus, &amp; ve¬</Unicode>
                </TextEquiv>
            </TextLine>
            <TextLine id="r_5_1l7" custom="readingOrder {index:7;}">
                <Coords points="226,596 1183,589 1230,583 1229,529 225,549"/>
                <Baseline points="239,582 287,581 336,579 385,579 434,578 483,576 532,576 581,575 630,573 679,573 728,572 776,570 825,570 874,569 923,569 972,567 1021,567 1070,566 1119,566 1168,566 1217,566"/>
                <Word id="r_5_1l7_w1" custom="readingOrder {index:0;}">
                    <Coords points="232,540 232,600 375,600 375,540"/>
                    <TextEquiv>
                        <Unicode>ternosi</Unicode>
                    </TextEquiv>
                </Word>
                <Word id="r_5_1l7_w2" custom="readingOrder {index:1;}">
                    <Coords points="393,536 393,596 640,596 640,536"/>
                    <TextEquiv>
                        <Unicode>revocantur.</Unicode>
                    </TextEquiv>
                </Word>
                <Word id="r_5_1l7_w3" custom="readingOrder {index:2;}">
                    <Coords points="663,530 663,590 870,590 870,530"/>
                    <TextEquiv>
                        <Unicode>Incensum</Unicode>
                    </TextEquiv>
                </Word>
                <Word id="r_5_1l7_w4" custom="readingOrder {index:3;}">
                    <Coords points="888,527 888,587 1078,587 1078,527"/>
                    <TextEquiv>
                        <Unicode>serpentes</Unicode>
                    </TextEquiv>
                </Word>
                <Word id="r_5_1l7_w5" custom="readingOrder {index:4;}">
                    <Coords points="1101,526 1101,586 1233,586 1233,526"/>
                    <TextEquiv>
                        <Unicode>abigit.</Unicode>
                    </TextEquiv>
                </Word>
                <TextEquiv>
                    <Unicode>ternosi revocantur. Incensum serpentes abigit.</Unicode>
                </TextEquiv>
            </TextLine>
            <TextLine id="r_5_1l8" custom="readingOrder {index:8;}">
                <Coords points="240,642 1198,637 1236,585 239,598"/>
                <Baseline points="252,633 300,632 349,630 397,629 446,627 495,627 543,626 592,624 640,624 689,623 738,623 786,621 835,621 883,620 932,620 981,618 1029,618 1078,617 1126,615 1175,615 1224,614"/>
                <Word id="r_5_1l8_w1" custom="readingOrder {index:0;}">
                    <Coords points="244,590 244,650 410,650 410,590"/>
                    <TextEquiv>
                        <Unicode>Aurium</Unicode>
                    </TextEquiv>
                </Word>
                <Word id="r_5_1l8_w2" custom="readingOrder {index:1;}">
                    <Coords points="425,586 425,646 628,646 628,586"/>
                    <TextEquiv>
                        <Unicode>doloribus</Unicode>
                    </TextEquiv>
                </Word>
                <Word id="r_5_1l8_w3" custom="readingOrder {index:2;}">
                    <Coords points="654,581 654,641 929,641 929,581"/>
                    <TextEquiv>
                        <Unicode>convenienter</Unicode>
                    </TextEquiv>
                </Word>
                <Word id="r_5_1l8_w4" custom="readingOrder {index:3;}">
                    <Coords points="955,578 955,638 991,638 991,578"/>
                    <TextEquiv>
                        <Unicode>ex</Unicode>
                    </TextEquiv>
                </Word>
                <Word id="r_5_1l8_w5" custom="readingOrder {index:4;}">
                    <Coords points="1012,576 1012,636 1162,636 1162,576"/>
                    <TextEquiv>
                        <Unicode>rosaceo</Unicode>
                    </TextEquiv>
                </Word>
                <Word id="r_5_1l8_w6" custom="readingOrder {index:5;}">
                    <Coords points="1183,574 1183,634 1235,634 1235,574"/>
                    <TextEquiv>
                        <Unicode>in¬</Unicode>
                    </TextEquiv>
                </Word>
                <TextEquiv>
                    <Unicode>Aurium doloribus convenienter ex rosaceo in¬</Unicode>
                </TextEquiv>
            </TextLine>
            <TextLine id="r_5_1l9" custom="readingOrder {index:9;}">
                <Coords points="240,691 1242,677 1241,635 1166,624 240,645"/>
                <Baseline points="252,684 300,683 349,681 398,680 447,679 496,678 545,677 594,676 643,675 692,674 741,674 789,672 838,672 887,671 936,671 985,669 1034,669 1083,668 1132,668 1181,668 1230,666"/>
                <Word id="r_5_1l9_w1" custom="readingOrder {index:0;}">
                    <Coords points="240,641 240,701 426,701 426,641"/>
                    <TextEquiv>
                        <Unicode>stillatur:</Unicode>
                    </TextEquiv>
                </Word>
                <Word id="r_5_1l9_w2" custom="readingOrder {index:1;}">
                    <Coords points="442,637 442,697 606,697 606,637"/>
                    <TextEquiv>
                        <Unicode>cavernis</Unicode>
                    </TextEquiv>
                </Word>
                <Word id="r_5_1l9_w3" custom="readingOrder {index:2;}">
                    <Coords points="623,634 623,694 792,694 792,634"/>
                    <TextEquiv>
                        <Unicode>dentium</Unicode>
                    </TextEquiv>
                </Word>
                <Word id="r_5_1l9_w4" custom="readingOrder {index:3;}">
                    <Coords points="814,631 814,691 994,691 994,631"/>
                    <TextEquiv>
                        <Unicode>inditum,</Unicode>
                    </TextEquiv>
                </Word>
                <Word id="r_5_1l9_w5" custom="readingOrder {index:4;}">
                    <Coords points="1005,628 1005,688 1153,688 1153,628"/>
                    <TextEquiv>
                        <Unicode>mitigat</Unicode>
                    </TextEquiv>
                </Word>
                <Word id="r_5_1l9_w6" custom="readingOrder {index:5;}">
                    <Coords points="1169,627 1169,687 1240,687 1240,627"/>
                    <TextEquiv>
                        <Unicode>do¬</Unicode>
                    </TextEquiv>
                </Word>
                <TextEquiv>
                    <Unicode>stillatur: cavernis dentium inditum, mitigat do¬</Unicode>
                </TextEquiv>
            </TextLine>
            <TextLine id="r_5_1l10" custom="readingOrder {index:10;}">
                <Coords points="240,754 1207,735 1238,674 239,692"/>
                <Baseline points="252,732 300,732 349,732 398,731 446,731 495,729 544,729 592,728 641,728 690,726 739,726 787,725 836,724 885,723 933,722 982,722 1031,722 1079,720 1128,720 1177,720 1226,719"/>
                <Word id="r_5_1l10_w1" custom="readingOrder {index:0;}">
                    <Coords points="234,692 234,752 386,752 386,692"/>
                    <TextEquiv>
                        <Unicode>lorem,</Unicode>
                    </TextEquiv>
                </Word>
                <Word id="r_5_1l10_w2" custom="readingOrder {index:1;}">
                    <Coords points="402,690 402,750 532,750 532,690"/>
                    <TextEquiv>
                        <Unicode>contra</Unicode>
                    </TextEquiv>
                </Word>
                <Word id="r_5_1l10_w3" custom="readingOrder {index:2;}">
                    <Coords points="555,688 555,748 678,748 678,688"/>
                    <TextEquiv>
                        <Unicode>tussim</Unicode>
                    </TextEquiv>
                </Word>
                <Word id="r_5_1l10_w4" custom="readingOrder {index:3;}">
                    <Coords points="701,684 701,744 960,744 960,684"/>
                    <TextEquiv>
                        <Unicode>efficacissimè</Unicode>
                    </TextEquiv>
                </Word>
                <Word id="r_5_1l10_w5" custom="readingOrder {index:4;}">
                    <Coords points="988,682 988,742 1027,742 1027,682"/>
                    <TextEquiv>
                        <Unicode>ex</Unicode>
                    </TextEquiv>
                </Word>
                <Word id="r_5_1l10_w6" custom="readingOrder {index:5;}">
                    <Coords points="1044,680 1044,740 1118,740 1118,680"/>
                    <TextEquiv>
                        <Unicode>ovo</Unicode>
                    </TextEquiv>
                </Word>
                <Word id="r_5_1l10_w7" custom="readingOrder {index:6;}">
                    <Coords points="1140,679 1140,739 1236,739 1236,679"/>
                    <TextEquiv>
                        <Unicode>assu¬</Unicode>
                    </TextEquiv>
                </Word>
                <TextEquiv>
                    <Unicode>lorem, contra tussim efficacissimè ex ovo assu¬</Unicode>
                </TextEquiv>
            </TextLine>
            <TextLine id="l_3" custom="readingOrder {index:11;}">
                <Coords points="1261,792 248,799 247,750 1261,730"/>
                <Baseline points="261,783 363,782 465,780 567,779 669,777 771,776 873,774 975,773 1077,771 1179,771 1261,769"/>
                <TextEquiv>
                    <Unicode>mitur: suspiriis, torminibus, &amp; inflationibus sub¬</Unicode>
                </TextEquiv>
            </TextLine>
            <TextEquiv>
                <Unicode></Unicode>
            </TextEquiv>
        </TextRegion>
        <TextRegion orientation="0.0" type="paragraph" id="r_9_1" custom="readingOrder {index:4;} structure {type:paragraph;}">
            <Coords points="239,785 1257,785 1257,3367 239,3367"/>
            <TextLine id="r_9_1l1" custom="readingOrder {index:0;}">
                <Coords points="244,848 1236,838 1214,781 244,801"/>
                <Baseline points="258,834 306,834 354,834 402,833 451,833 499,831 547,831 595,830 644,830 692,828 740,828 788,827 837,827 885,825 933,825 981,825 1030,824 1078,824 1126,824 1174,824 1223,824"/>
                <Word id="r_9_1l1_w1" custom="readingOrder {index:0;}">
                    <Coords points="245,794 245,854 362,854 362,794"/>
                    <TextEquiv>
                        <Unicode>venit.</Unicode>
                    </TextEquiv>
                </Word>
                <Word id="r_9_1l1_w2" custom="readingOrder {index:1;}">
                    <Coords points="385,792 385,852 565,852 565,792"/>
                    <TextEquiv>
                        <Unicode>Ventrem</Unicode>
                    </TextEquiv>
                </Word>
                <Word id="r_9_1l1_w3" custom="readingOrder {index:2;}">
                    <Coords points="582,789 582,849 717,849 717,789"/>
                    <TextEquiv>
                        <Unicode>leniter</Unicode>
                    </TextEquiv>
                </Word>
                <Word id="r_9_1l1_w4" custom="readingOrder {index:3;}">
                    <Coords points="739,787 739,847 897,847 897,787"/>
                    <TextEquiv>
                        <Unicode>emollit,</Unicode>
                    </TextEquiv>
                </Word>
                <Word id="r_9_1l1_w5" custom="readingOrder {index:4;}">
                    <Coords points="908,785 908,845 1043,845 1043,785"/>
                    <TextEquiv>
                        <Unicode>lienem</Unicode>
                    </TextEquiv>
                </Word>
                <Word id="r_9_1l1_w6" custom="readingOrder {index:5;}">
                    <Coords points="1060,784 1060,844 1239,844 1239,784"/>
                    <TextEquiv>
                        <Unicode>absumit,</Unicode>
                    </TextEquiv>
                </Word>
                <TextEquiv>
                    <Unicode>venit. Ventrem leniter emollit, lienem absumit,</Unicode>
                </TextEquiv>
            </TextLine>
            <TextLine id="r_9_1l2" custom="readingOrder {index:1;}">
                <Coords points="246,902 1103,896 1250,881 1250,829 245,848"/>
                <Baseline points="258,885 306,885 355,884 404,884 453,884 502,884 551,882 600,882 649,881 698,881 747,879 795,879 844,878 893,878 942,876 991,876 1040,875 1089,875 1138,873 1187,873 1236,873"/>
                <Word id="r_9_1l2_w1" custom="readingOrder {index:0;}">
                    <Coords points="252,844 252,904 430,904 430,844"/>
                    <TextEquiv>
                        <Unicode>difficiles</Unicode>
                    </TextEquiv>
                </Word>
                <Word id="r_9_1l2_w2" custom="readingOrder {index:1;}">
                    <Coords points="453,843 453,903 580,903 580,843"/>
                    <TextEquiv>
                        <Unicode>partus</Unicode>
                    </TextEquiv>
                </Word>
                <Word id="r_9_1l2_w3" custom="readingOrder {index:2;}">
                    <Coords points="603,841 603,901 701,901 701,841"/>
                    <TextEquiv>
                        <Unicode>mirè</Unicode>
                    </TextEquiv>
                </Word>
                <Word id="r_9_1l2_w4" custom="readingOrder {index:3;}">
                    <Coords points="723,838 723,898 896,898 896,838"/>
                    <TextEquiv>
                        <Unicode>adjuvat.</Unicode>
                    </TextEquiv>
                </Word>
                <Word id="r_9_1l2_w5" custom="readingOrder {index:4;}">
                    <Coords points="925,836 925,896 1029,896 1029,836"/>
                    <TextEquiv>
                        <Unicode>Facit</Unicode>
                    </TextEquiv>
                </Word>
                <Word id="r_9_1l2_w6" custom="readingOrder {index:5;}">
                    <Coords points="1052,835 1052,895 1098,895 1098,835"/>
                    <TextEquiv>
                        <Unicode>ad</Unicode>
                    </TextEquiv>
                </Word>
                <Word id="r_9_1l2_w7" custom="readingOrder {index:6;}">
                    <Coords points="1115,833 1115,893 1247,893 1247,833"/>
                    <TextEquiv>
                        <Unicode>vesicae</Unicode>
                    </TextEquiv>
                </Word>
                <TextEquiv>
                    <Unicode>difficiles partus mirè adjuvat. Facit ad vesicae</Unicode>
                </TextEquiv>
            </TextLine>
            <TextLine id="r_9_1l3" custom="readingOrder {index:2;}">
                <Coords points="230,950 1167,938 1237,929 1236,882 229,908"/>
                <Baseline points="243,935 292,935 341,936 390,936 439,935 488,935 537,935 586,934 635,933 684,932 733,932 782,930 831,930 880,929 929,928 978,927 1027,927 1076,926 1125,926 1174,926 1224,926"/>
                <Word id="r_9_1l3_w1" custom="readingOrder {index:0;}">
                    <Coords points="229,895 229,955 450,955 450,895"/>
                    <TextEquiv>
                        <Unicode>cruciatus,</Unicode>
                    </TextEquiv>
                </Word>
                <Word id="r_9_1l3_w2" custom="readingOrder {index:1;}">
                    <Coords points="472,895 472,955 511,955 511,895"/>
                    <TextEquiv>
                        <Unicode>&amp;</Unicode>
                    </TextEquiv>
                </Word>
                <Word id="r_9_1l3_w3" custom="readingOrder {index:2;}">
                    <Coords points="528,893 528,953 666,953 666,893"/>
                    <TextEquiv>
                        <Unicode>renum</Unicode>
                    </TextEquiv>
                </Word>
                <Word id="r_9_1l3_w4" custom="readingOrder {index:3;}">
                    <Coords points="693,890 693,950 948,950 948,890"/>
                    <TextEquiv>
                        <Unicode>distentiones</Unicode>
                    </TextEquiv>
                </Word>
                <Word id="r_9_1l3_w5" custom="readingOrder {index:4;}">
                    <Coords points="970,886 970,946 1135,946 1135,886"/>
                    <TextEquiv>
                        <Unicode>potum:</Unicode>
                    </TextEquiv>
                </Word>
                <Word id="r_9_1l3_w6" custom="readingOrder {index:5;}">
                    <Coords points="1157,886 1157,946 1240,946 1240,886"/>
                    <TextEquiv>
                        <Unicode>vul¬</Unicode>
                    </TextEquiv>
                </Word>
                <TextEquiv>
                    <Unicode>cruciatus, &amp; renum distentiones potum: vul¬</Unicode>
                </TextEquiv>
            </TextLine>
            <TextLine id="r_9_1l4" custom="readingOrder {index:3;}">
                <Coords points="252,999 1116,1000 1253,980 1252,923 1149,951 251,952"/>
                <Baseline points="264,987 312,987 361,987 410,986 459,986 507,986 556,984 605,984 654,983 702,983 751,982 800,981 849,980 897,980 946,979 995,978 1044,978 1092,977 1141,977 1190,977 1239,975"/>
                <Word id="r_9_1l4_w1" custom="readingOrder {index:0;}">
                    <Coords points="252,947 252,1007 337,1007 337,947"/>
                    <TextEquiv>
                        <Unicode>vam</Unicode>
                    </TextEquiv>
                </Word>
                <Word id="r_9_1l4_w2" custom="readingOrder {index:1;}">
                    <Coords points="355,946 355,1006 492,1006 492,946"/>
                    <TextEquiv>
                        <Unicode>aperit.</Unicode>
                    </TextEquiv>
                </Word>
                <Word id="r_9_1l4_w3" custom="readingOrder {index:2;}">
                    <Coords points="509,944 509,1004 634,1004 634,944"/>
                    <TextEquiv>
                        <Unicode>Radix</Unicode>
                    </TextEquiv>
                </Word>
                <Word id="r_9_1l4_w4" custom="readingOrder {index:3;}">
                    <Coords points="651,943 651,1003 697,1003 697,943"/>
                    <TextEquiv>
                        <Unicode>ad</Unicode>
                    </TextEquiv>
                </Word>
                <Word id="r_9_1l4_w5" custom="readingOrder {index:4;}">
                    <Coords points="714,941 714,1001 845,1001 845,941"/>
                    <TextEquiv>
                        <Unicode>eadem</Unicode>
                    </TextEquiv>
                </Word>
                <Word id="r_9_1l4_w6" custom="readingOrder {index:5;}">
                    <Coords points="862,939 862,999 954,999 954,939"/>
                    <TextEquiv>
                        <Unicode>utilis</Unicode>
                    </TextEquiv>
                </Word>
                <Word id="r_9_1l4_w7" custom="readingOrder {index:6;}">
                    <Coords points="977,938 977,998 1033,998 1033,938"/>
                    <TextEquiv>
                        <Unicode>est,</Unicode>
                    </TextEquiv>
                </Word>
                <Word id="r_9_1l4_w8" custom="readingOrder {index:7;}">
                    <Coords points="1040,937 1040,997 1097,997 1097,937"/>
                    <TextEquiv>
                        <Unicode>sed</Unicode>
                    </TextEquiv>
                </Word>
                <Word id="r_9_1l4_w9" custom="readingOrder {index:8;}">
                    <Coords points="1114,937 1114,997 1245,997 1245,937"/>
                    <TextEquiv>
                        <Unicode>ineffi¬</Unicode>
                    </TextEquiv>
                </Word>
                <TextEquiv>
                    <Unicode>vam aperit. Radix ad eadem utilis est, sed ineffi¬</Unicode>
                </TextEquiv>
            </TextLine>
            <TextLine id="r_9_1l5" custom="readingOrder {index:4;}">
                <Coords points="248,1050 1219,1047 1250,1044 1249,982 247,1001"/>
                <Baseline points="260,1037 308,1038 357,1038 406,1038 455,1038 504,1037 552,1037 601,1035 650,1035 699,1034 748,1034 796,1032 845,1031 894,1031 943,1029 992,1029 1040,1028 1089,1028 1138,1028 1187,1028 1236,1026"/>
                <Word id="r_9_1l5_w1" custom="readingOrder {index:0;}">
                    <Coords points="248,998 248,1058 391,1058 391,998"/>
                    <TextEquiv>
                        <Unicode>cacior:</Unicode>
                    </TextEquiv>
                </Word>
                <Word id="r_9_1l5_w2" custom="readingOrder {index:1;}">
                    <Coords points="408,998 408,1058 487,1058 487,998"/>
                    <TextEquiv>
                        <Unicode>ejus</Unicode>
                    </TextEquiv>
                </Word>
                <Word id="r_9_1l5_w3" custom="readingOrder {index:2;}">
                    <Coords points="505,995 505,1055 716,1055 716,995"/>
                    <TextEquiv>
                        <Unicode>decoctum</Unicode>
                    </TextEquiv>
                </Word>
                <Word id="r_9_1l5_w4" custom="readingOrder {index:3;}">
                    <Coords points="727,991 727,1051 882,1051 882,991"/>
                    <TextEquiv>
                        <Unicode>bibitur.</Unicode>
                    </TextEquiv>
                </Word>
                <Word id="r_9_1l5_w5" custom="readingOrder {index:4;}">
                    <Coords points="905,989 905,1049 1036,1049 1036,989"/>
                    <TextEquiv>
                        <Unicode>Farina</Unicode>
                    </TextEquiv>
                </Word>
                <Word id="r_9_1l5_w6" custom="readingOrder {index:5;}">
                    <Coords points="1059,988 1059,1048 1134,1048 1134,988"/>
                    <TextEquiv>
                        <Unicode>ejus</Unicode>
                    </TextEquiv>
                </Word>
                <Word id="r_9_1l5_w7" custom="readingOrder {index:6;}">
                    <Coords points="1162,987 1162,1047 1242,1047 1242,987"/>
                    <TextEquiv>
                        <Unicode>sor¬</Unicode>
                    </TextEquiv>
                </Word>
                <TextEquiv>
                    <Unicode>cacior: ejus decoctum bibitur. Farina ejus sor¬</Unicode>
                </TextEquiv>
            </TextLine>
            <TextLine id="r_9_1l6" custom="readingOrder {index:5;}">
                <Coords points="246,1098 1217,1102 1245,1044 246,1053"/>
                <Baseline points="258,1088 306,1088 355,1088 404,1088 452,1088 501,1088 550,1088 598,1088 647,1086 696,1085 745,1085 793,1085 842,1083 891,1083 939,1082 988,1082 1037,1080 1085,1080 1134,1079 1183,1079 1232,1079"/>
                <Word id="r_9_1l6_w1" custom="readingOrder {index:0;}">
                    <Coords points="247,1048 247,1108 340,1108 340,1048"/>
                    <TextEquiv>
                        <Unicode>dida</Unicode>
                    </TextEquiv>
                </Word>
                <Word id="r_9_1l6_w2" custom="readingOrder {index:1;}">
                    <Coords points="357,1048 357,1108 479,1108 479,1048"/>
                    <TextEquiv>
                        <Unicode>ulcera</Unicode>
                    </TextEquiv>
                </Word>
                <Word id="r_9_1l6_w3" custom="readingOrder {index:2;}">
                    <Coords points="497,1048 497,1108 655,1108 655,1048"/>
                    <TextEquiv>
                        <Unicode>purgat,</Unicode>
                    </TextEquiv>
                </Word>
                <Word id="r_9_1l6_w4" custom="readingOrder {index:3;}">
                    <Coords points="672,1045 672,1105 712,1105 712,1045"/>
                    <TextEquiv>
                        <Unicode>&amp;</Unicode>
                    </TextEquiv>
                </Word>
                <Word id="r_9_1l6_w5" custom="readingOrder {index:4;}">
                    <Coords points="724,1045 724,1105 852,1105 852,1045"/>
                    <TextEquiv>
                        <Unicode>vetera</Unicode>
                    </TextEquiv>
                </Word>
                <Word id="r_9_1l6_w6" custom="readingOrder {index:5;}">
                    <Coords points="869,1042 869,1102 1033,1102 1033,1042"/>
                    <TextEquiv>
                        <Unicode>cicatrice</Unicode>
                    </TextEquiv>
                </Word>
                <Word id="r_9_1l6_w7" custom="readingOrder {index:6;}">
                    <Coords points="1062,1039 1062,1099 1236,1099 1236,1039"/>
                    <TextEquiv>
                        <Unicode>obducit:</Unicode>
                    </TextEquiv>
                </Word>
                <TextEquiv>
                    <Unicode>dida ulcera purgat, &amp; vetera cicatrice obducit:</Unicode>
                </TextEquiv>
            </TextLine>
            <TextLine id="r_9_1l7" custom="readingOrder {index:6;}">
                <Coords points="243,1160 1180,1145 1242,1139 1242,1092 243,1097"/>
                <Baseline points="257,1139 305,1140 354,1140 402,1140 451,1140 500,1139 548,1139 597,1139 645,1137 694,1137 743,1136 791,1136 840,1134 888,1133 937,1133 986,1131 1034,1131 1083,1131 1131,1130 1180,1130 1229,1130"/>
                <Word id="r_9_1l7_w1" custom="readingOrder {index:0;}">
                    <Coords points="249,1100 249,1160 428,1160 428,1100"/>
                    <TextEquiv>
                        <Unicode>squamas</Unicode>
                    </TextEquiv>
                </Word>
                <Word id="r_9_1l7_w2" custom="readingOrder {index:1;}">
                    <Coords points="445,1099 445,1159 585,1159 585,1099"/>
                    <TextEquiv>
                        <Unicode>ossium</Unicode>
                    </TextEquiv>
                </Word>
                <Word id="r_9_1l7_w3" custom="readingOrder {index:2;}">
                    <Coords points="602,1097 602,1157 770,1157 770,1097"/>
                    <TextEquiv>
                        <Unicode>extrahit.</Unicode>
                    </TextEquiv>
                </Word>
                <Word id="r_9_1l7_w4" custom="readingOrder {index:3;}">
                    <Coords points="781,1095 781,1155 814,1155 814,1095"/>
                    <TextEquiv>
                        <Unicode>In</Unicode>
                    </TextEquiv>
                </Word>
                <Word id="r_9_1l7_w5" custom="readingOrder {index:4;}">
                    <Coords points="837,1093 837,1153 954,1153 954,1093"/>
                    <TextEquiv>
                        <Unicode>cerata</Unicode>
                    </TextEquiv>
                </Word>
                <Word id="r_9_1l7_w6" custom="readingOrder {index:5;}">
                    <Coords points="977,1091 977,1151 1005,1151 1005,1091"/>
                    <TextEquiv>
                        <Unicode>&amp;</Unicode>
                    </TextEquiv>
                </Word>
                <Word id="r_9_1l7_w7" custom="readingOrder {index:6;}">
                    <Coords points="1022,1090 1022,1150 1245,1150 1245,1090"/>
                    <TextEquiv>
                        <Unicode>calefacien¬</Unicode>
                    </TextEquiv>
                </Word>
                <TextEquiv>
                    <Unicode>squamas ossium extrahit. In cerata &amp; calefacien¬</Unicode>
                </TextEquiv>
            </TextLine>
            <TextLine id="r_9_1l8" custom="readingOrder {index:7;}">
                <Coords points="239,1214 1227,1202 1242,1139 238,1162"/>
                <Baseline points="252,1190 300,1191 349,1191 398,1191 447,1191 496,1190 545,1190 594,1190 643,1188 692,1187 741,1187 789,1186 838,1185 887,1184 936,1184 985,1182 1034,1182 1083,1182 1132,1181 1181,1181 1230,1182"/>
                <Word id="r_9_1l8_w1" custom="readingOrder {index:0;}">
                    <Coords points="240,1150 240,1210 294,1210 294,1150"/>
                    <TextEquiv>
                        <Unicode>tia</Unicode>
                    </TextEquiv>
                </Word>
                <Word id="r_9_1l8_w2" custom="readingOrder {index:1;}">
                    <Coords points="318,1151 318,1211 544,1211 544,1151"/>
                    <TextEquiv>
                        <Unicode>malagmata</Unicode>
                    </TextEquiv>
                </Word>
                <Word id="r_9_1l8_w3" custom="readingOrder {index:2;}">
                    <Coords points="569,1147 569,1207 746,1207 746,1147"/>
                    <TextEquiv>
                        <Unicode>àdditur.</Unicode>
                    </TextEquiv>
                </Word>
                <Word id="r_9_1l8_w4" custom="readingOrder {index:3;}">
                    <Coords points="770,1145 770,1205 905,1205 905,1145"/>
                    <TextEquiv>
                        <Unicode>Radix</Unicode>
                    </TextEquiv>
                </Word>
                <Word id="r_9_1l8_w5" custom="readingOrder {index:4;}">
                    <Coords points="935,1142 935,1202 1021,1202 1021,1142"/>
                    <TextEquiv>
                        <Unicode>eligi</Unicode>
                    </TextEquiv>
                </Word>
                <Word id="r_9_1l8_w6" custom="readingOrder {index:5;}">
                    <Coords points="1045,1141 1045,1201 1161,1201 1161,1141"/>
                    <TextEquiv>
                        <Unicode>debet</Unicode>
                    </TextEquiv>
                </Word>
                <Word id="r_9_1l8_w7" custom="readingOrder {index:6;}">
                    <Coords points="1185,1141 1185,1201 1240,1201 1240,1141"/>
                    <TextEquiv>
                        <Unicode>re¬</Unicode>
                    </TextEquiv>
                </Word>
                <TextEquiv>
                    <Unicode>tia malagmata àdditur. Radix eligi debet re¬</Unicode>
                </TextEquiv>
            </TextLine>
            <TextLine id="r_9_1l9" custom="readingOrder {index:8;}">
                <Coords points="246,1260 1040,1239 1160,1266 1250,1244 1250,1202 245,1211"/>
                <Baseline points="258,1245 306,1244 355,1244 404,1243 453,1242 502,1242 551,1241 600,1239 649,1239 698,1238 747,1238 795,1236 844,1236 893,1235 942,1235 991,1233 1040,1233 1089,1233 1138,1233 1187,1233 1236,1233"/>
                <Word id="r_9_1l9_w1" custom="readingOrder {index:0;}">
                    <Coords points="246,1204 246,1264 352,1264 352,1204"/>
                    <TextEquiv>
                        <Unicode>cens,</Unicode>
                    </TextEquiv>
                </Word>
                <Word id="r_9_1l9_w2" custom="readingOrder {index:1;}">
                    <Coords points="363,1203 363,1263 442,1263 442,1203"/>
                    <TextEquiv>
                        <Unicode>quae</Unicode>
                    </TextEquiv>
                </Word>
                <Word id="r_9_1l9_w3" custom="readingOrder {index:2;}">
                    <Coords points="458,1201 458,1261 593,1261 593,1201"/>
                    <TextEquiv>
                        <Unicode>cariem</Unicode>
                    </TextEquiv>
                </Word>
                <Word id="r_9_1l9_w4" custom="readingOrder {index:3;}">
                    <Coords points="609,1199 609,1259 688,1259 688,1199"/>
                    <TextEquiv>
                        <Unicode>non</Unicode>
                    </TextEquiv>
                </Word>
                <Word id="r_9_1l9_w5" custom="readingOrder {index:4;}">
                    <Coords points="705,1196 705,1256 867,1256 867,1196"/>
                    <TextEquiv>
                        <Unicode>senserit,</Unicode>
                    </TextEquiv>
                </Word>
                <Word id="r_9_1l9_w6" custom="readingOrder {index:5;}">
                    <Coords points="878,1194 878,1254 1007,1254 1007,1194"/>
                    <TextEquiv>
                        <Unicode>firma,</Unicode>
                    </TextEquiv>
                </Word>
                <Word id="r_9_1l9_w7" custom="readingOrder {index:6;}">
                    <Coords points="1013,1193 1013,1253 1147,1253 1147,1193"/>
                    <TextEquiv>
                        <Unicode>odoris</Unicode>
                    </TextEquiv>
                </Word>
                <Word id="r_9_1l9_w8" custom="readingOrder {index:7;}">
                    <Coords points="1170,1193 1170,1253 1242,1253 1242,1193"/>
                    <TextEquiv>
                        <Unicode>ple¬</Unicode>
                    </TextEquiv>
                </Word>
                <TextEquiv>
                    <Unicode>cens, quae cariem non senserit, firma, odoris ple¬</Unicode>
                </TextEquiv>
            </TextLine>
            <TextLine id="r_9_1l10" custom="readingOrder {index:9;}">
                <Coords points="249,1304 1158,1302 1261,1295 1261,1243 249,1260"/>
                <Baseline points="261,1293 310,1295 359,1295 409,1295 458,1293 507,1293 557,1292 606,1292 655,1290 705,1290 754,1289 803,1287 853,1287 902,1286 951,1286 1001,1284 1050,1284 1099,1284 1149,1283 1198,1284 1248,1284"/>
                <Word id="r_9_1l10_w1" custom="readingOrder {index:0;}">
                    <Coords points="249,1253 249,1313 320,1313 320,1253"/>
                    <TextEquiv>
                        <Unicode>na.</Unicode>
                    </TextEquiv>
                </Word>
                <Word id="r_9_1l10_w2" custom="readingOrder {index:1;}">
                    <Coords points="341,1254 341,1314 488,1314 488,1254"/>
                    <TextEquiv>
                        <Unicode>Succus</Unicode>
                    </TextEquiv>
                </Word>
                <Word id="r_9_1l10_w3" custom="readingOrder {index:2;}">
                    <Coords points="510,1252 510,1312 553,1312 553,1252"/>
                    <TextEquiv>
                        <Unicode>ad</Unicode>
                    </TextEquiv>
                </Word>
                <Word id="r_9_1l10_w4" custom="readingOrder {index:3;}">
                    <Coords points="575,1250 575,1310 760,1310 760,1250"/>
                    <TextEquiv>
                        <Unicode>potiones</Unicode>
                    </TextEquiv>
                </Word>
                <Word id="r_9_1l10_w5" custom="readingOrder {index:4;}">
                    <Coords points="781,1247 781,1307 917,1307 917,1247"/>
                    <TextEquiv>
                        <Unicode>amaris</Unicode>
                    </TextEquiv>
                </Word>
                <Word id="r_9_1l10_w6" custom="readingOrder {index:5;}">
                    <Coords points="939,1244 939,1304 1167,1304 1167,1244"/>
                    <TextEquiv>
                        <Unicode>amygdalis,</Unicode>
                    </TextEquiv>
                </Word>
                <Word id="r_9_1l10_w7" custom="readingOrder {index:6;}">
                    <Coords points="1178,1244 1178,1304 1243,1304 1243,1244"/>
                    <TextEquiv>
                        <Unicode>aut</Unicode>
                    </TextEquiv>
                </Word>
                <TextEquiv>
                    <Unicode>na. Succus ad potiones amaris amygdalis, aut</Unicode>
                </TextEquiv>
            </TextLine>
            <TextLine id="r_9_1l11" custom="readingOrder {index:10;}">
                <Coords points="241,1354 1258,1343 1198,1292 241,1312"/>
                <Baseline points="255,1346 304,1346 354,1346 403,1346 453,1346 502,1344 552,1344 601,1343 651,1343 700,1341 750,1341 799,1340 849,1338 898,1338 948,1337 997,1337 1047,1335 1096,1334 1146,1334 1195,1334 1245,1334"/>
                <Word id="r_9_1l11_w1" custom="readingOrder {index:0;}">
                    <Coords points="242,1306 242,1366 349,1366 349,1306"/>
                    <TextEquiv>
                        <Unicode>ruta,</Unicode>
                    </TextEquiv>
                </Word>
                <Word id="r_9_1l11_w2" custom="readingOrder {index:1;}">
                    <Coords points="360,1306 360,1366 416,1366 416,1306"/>
                    <TextEquiv>
                        <Unicode>aut</Unicode>
                    </TextEquiv>
                </Word>
                <Word id="r_9_1l11_w3" custom="readingOrder {index:2;}">
                    <Coords points="438,1304 438,1364 529,1364 529,1304"/>
                    <TextEquiv>
                        <Unicode>pane</Unicode>
                    </TextEquiv>
                </Word>
                <Word id="r_9_1l11_w4" custom="readingOrder {index:3;}">
                    <Coords points="551,1303 551,1363 686,1363 686,1303"/>
                    <TextEquiv>
                        <Unicode>calido,</Unicode>
                    </TextEquiv>
                </Word>
                <Word id="r_9_1l11_w5" custom="readingOrder {index:4;}">
                    <Coords points="704,1301 704,1361 765,1361 765,1301"/>
                    <TextEquiv>
                        <Unicode>aut</Unicode>
                    </TextEquiv>
                </Word>
                <Word id="r_9_1l11_w6" custom="readingOrder {index:5;}">
                    <Coords points="788,1298 788,1358 935,1358 935,1298"/>
                    <TextEquiv>
                        <Unicode>anetho</Unicode>
                    </TextEquiv>
                </Word>
                <Word id="r_9_1l11_w7" custom="readingOrder {index:6;}">
                    <Coords points="952,1294 952,1354 1160,1354 1160,1294"/>
                    <TextEquiv>
                        <Unicode>resolvitur.</Unicode>
                    </TextEquiv>
                </Word>
                <Word id="r_9_1l11_w8" custom="readingOrder {index:7;}">
                    <Coords points="1183,1294 1183,1354 1250,1354 1250,1294"/>
                    <TextEquiv>
                        <Unicode>Gi¬</Unicode>
                    </TextEquiv>
                </Word>
                <TextEquiv>
                    <Unicode>ruta, aut pane calido, aut anetho resolvitur. Gi¬</Unicode>
                </TextEquiv>
            </TextLine>
            <TextLine id="r_9_1l12" custom="readingOrder {index:11;}">
                <Coords points="247,1422 1243,1396 1242,1351 1172,1342 246,1357"/>
                <Baseline points="258,1395 306,1395 355,1397 403,1397 452,1395 501,1395 549,1395 598,1395 646,1394 695,1394 744,1392 792,1391 841,1391 889,1389 938,1389 987,1389 1035,1388 1084,1388 1132,1388 1181,1388 1230,1388"/>
                <Word id="r_9_1l12_w1" custom="readingOrder {index:0;}">
                    <Coords points="253,1355 253,1415 378,1415 378,1355"/>
                    <TextEquiv>
                        <Unicode>gnitur</Unicode>
                    </TextEquiv>
                </Word>
                <Word id="r_9_1l12_w2" custom="readingOrder {index:1;}">
                    <Coords points="396,1356 396,1416 425,1416 425,1356"/>
                    <TextEquiv>
                        <Unicode>in</Unicode>
                    </TextEquiv>
                </Word>
                <Word id="r_9_1l12_w3" custom="readingOrder {index:2;}">
                    <Coords points="443,1355 443,1415 639,1415 639,1355"/>
                    <TextEquiv>
                        <Unicode>montibus</Unicode>
                    </TextEquiv>
                </Word>
                <Word id="r_9_1l12_w4" custom="readingOrder {index:3;}">
                    <Coords points="657,1352 657,1412 806,1412 806,1352"/>
                    <TextEquiv>
                        <Unicode>opacis.</Unicode>
                    </TextEquiv>
                </Word>
                <Word id="r_9_1l12_w5" custom="readingOrder {index:4;}">
                    <Coords points="818,1349 818,1409 1020,1409 1020,1349"/>
                    <TextEquiv>
                        <Unicode>Colligitur</Unicode>
                    </TextEquiv>
                </Word>
                <Word id="r_9_1l12_w6" custom="readingOrder {index:5;}">
                    <Coords points="1044,1348 1044,1408 1163,1408 1163,1348"/>
                    <TextEquiv>
                        <Unicode>mense</Unicode>
                    </TextEquiv>
                </Word>
                <Word id="r_9_1l12_w7" custom="readingOrder {index:6;}">
                    <Coords points="1187,1348 1187,1408 1246,1408 1246,1348"/>
                    <TextEquiv>
                        <Unicode>Se¬</Unicode>
                    </TextEquiv>
                </Word>
                <TextEquiv>
                    <Unicode>gnitur in montibus opacis. Colligitur mense Se¬</Unicode>
                </TextEquiv>
            </TextLine>
            <TextLine id="r_9_1l13" custom="readingOrder {index:12;} textStyle {offset:9; length:11;italic:true;}">
                <Coords points="267,1480 287,1483 328,1454 383,1471 427,1457 500,1469 549,1453 679,1451 678,1412 629,1402 333,1415 265,1392"/>
                <Baseline points="278,1445 303,1447 329,1448 355,1448 381,1449 407,1449 433,1448 459,1448 484,1447 510,1446 536,1445 562,1445 588,1443 614,1443 640,1443 666,1443"/>
                <Word id="r_9_1l13_w1" custom="readingOrder {index:0;}">
                    <Coords points="267,1408 267,1468 451,1468 451,1408"/>
                    <TextEquiv>
                        <Unicode>ptembri.</Unicode>
                    </TextEquiv>
                </Word>
                <Word id="r_9_1l13_w2" custom="readingOrder {index:1;}">
                    <Coords points="464,1404 464,1464 675,1464 675,1404"/>
                    <TextEquiv>
                        <Unicode>Dioscorides.</Unicode>
                    </TextEquiv>
                </Word>
                <TextEquiv>
                    <Unicode>ptembri. Dioscorides.</Unicode>
                </TextEquiv>
            </TextLine>
            <TextLine id="r_9_1l14" custom="readingOrder {index:13;} textStyle {offset:17; length:8;italic:true;} textStyle {offset:33; length:6;italic:true;}">
                <Coords points="297,1510 1244,1502 1243,1448 1025,1434 296,1458"/>
                <Baseline points="309,1497 355,1496 401,1496 447,1496 493,1496 539,1496 585,1494 631,1494 677,1494 723,1493 769,1493 815,1493 861,1491 907,1491 953,1491 999,1490 1045,1490 1091,1488 1137,1488 1183,1488 1230,1487"/>
                <Word id="r_9_1l14_w1" custom="readingOrder {index:0;}">
                    <Coords points="303,1456 303,1516 635,1516 635,1456"/>
                    <TextEquiv>
                        <Unicode>ROSMARINUM</Unicode>
                    </TextEquiv>
                </Word>
                <Word id="r_9_1l14_w2" custom="readingOrder {index:1;}">
                    <Coords points="664,1453 664,1513 770,1513 770,1453"/>
                    <TextEquiv>
                        <Unicode>(Ger.</Unicode>
                    </TextEquiv>
                </Word>
                <Word id="r_9_1l14_w3" custom="readingOrder {index:2;}">
                    <Coords points="781,1451 781,1511 985,1511 985,1451"/>
                    <TextEquiv>
                        <Unicode>Roßmarin.</Unicode>
                    </TextEquiv>
                </Word>
                <Word id="r_9_1l14_w4" custom="readingOrder {index:3;}">
                    <Coords points="1002,1449 1002,1509 1096,1509 1096,1449"/>
                    <TextEquiv>
                        <Unicode>Gall.</Unicode>
                    </TextEquiv>
                </Word>
                <Word id="r_9_1l14_w5" custom="readingOrder {index:4;}">
                    <Coords points="1107,1448 1107,1508 1241,1508 1241,1448"/>
                    <TextEquiv>
                        <Unicode>Rosma¬</Unicode>
                    </TextEquiv>
                </Word>
                <TextEquiv>
                    <Unicode>ROSMARINUM (Ger. Roßmarin. Gall. Rosma¬</Unicode>
                </TextEquiv>
            </TextLine>
            <TextLine id="r_9_1l15" custom="readingOrder {index:14;} textStyle {offset:0; length:3;italic:true;} textStyle {offset:10; length:12;italic:true;} textStyle {offset:30; length:9;italic:true;}">
                <Coords points="248,1560 1208,1561 1239,1501 427,1515 247,1485"/>
                <Baseline points="261,1547 309,1547 357,1547 405,1547 454,1547 502,1546 550,1545 599,1545 647,1545 695,1545 744,1544 792,1544 840,1544 888,1544 937,1542 985,1542 1033,1542 1082,1541 1130,1541 1178,1541 1227,1541"/>
                <Word id="r_9_1l15_w1" custom="readingOrder {index:0;}">
                    <Coords points="248,1507 248,1567 316,1567 316,1507"/>
                    <TextEquiv>
                        <Unicode>rin.</Unicode>
                    </TextEquiv>
                </Word>
                <Word id="r_9_1l15_w2" custom="readingOrder {index:1;}">
                    <Coords points="327,1507 327,1567 429,1567 429,1507"/>
                    <TextEquiv>
                        <Unicode>Hisp.</Unicode>
                    </TextEquiv>
                </Word>
                <Word id="r_9_1l15_w3" custom="readingOrder {index:2;}">
                    <Coords points="441,1505 441,1565 566,1565 566,1505"/>
                    <TextEquiv>
                        <Unicode>Romero</Unicode>
                    </TextEquiv>
                </Word>
                <Word id="r_9_1l15_w4" custom="readingOrder {index:3;}">
                    <Coords points="583,1505 583,1565 685,1565 685,1505"/>
                    <TextEquiv>
                        <Unicode>mata.</Unicode>
                    </TextEquiv>
                </Word>
                <Word id="r_9_1l15_w5" custom="readingOrder {index:4;}">
                    <Coords points="691,1504 691,1564 770,1564 770,1504"/>
                    <TextEquiv>
                        <Unicode>Ital.</Unicode>
                    </TextEquiv>
                </Word>
                <Word id="r_9_1l15_w6" custom="readingOrder {index:5;}">
                    <Coords points="782,1503 782,1563 1003,1563 1003,1503"/>
                    <TextEquiv>
                        <Unicode>Rosmarino.)</Unicode>
                    </TextEquiv>
                </Word>
                <Word id="r_9_1l15_w7" custom="readingOrder {index:6;}">
                    <Coords points="1020,1501 1020,1561 1100,1561 1100,1501"/>
                    <TextEquiv>
                        <Unicode>quo</Unicode>
                    </TextEquiv>
                </Word>
                <Word id="r_9_1l15_w8" custom="readingOrder {index:7;}">
                    <Coords points="1123,1501 1123,1561 1242,1561 1242,1501"/>
                    <TextEquiv>
                        <Unicode>coro¬</Unicode>
                    </TextEquiv>
                </Word>
                <TextEquiv>
                    <Unicode>rin. Hisp. Romero mata. Ital. Rosmarino.) quo coro¬</Unicode>
                </TextEquiv>
            </TextLine>
            <TextLine id="r_9_1l16" custom="readingOrder {index:15;}">
                <Coords points="248,1607 1257,1610 1231,1551 248,1560"/>
                <Baseline points="261,1598 310,1598 359,1598 408,1598 457,1598 507,1598 556,1596 605,1596 654,1596 703,1596 753,1595 802,1595 851,1595 900,1595 949,1593 999,1593 1048,1593 1097,1593 1146,1592 1195,1592 1245,1592"/>
                <Word id="r_9_1l16_w1" custom="readingOrder {index:0;}">
                    <Coords points="248,1558 248,1618 350,1618 350,1558"/>
                    <TextEquiv>
                        <Unicode>narii</Unicode>
                    </TextEquiv>
                </Word>
                <Word id="r_9_1l16_w2" custom="readingOrder {index:1;}">
                    <Coords points="366,1558 366,1618 554,1618 554,1558"/>
                    <TextEquiv>
                        <Unicode>utuntur,</Unicode>
                    </TextEquiv>
                </Word>
                <Word id="r_9_1l16_w3" custom="readingOrder {index:2;}">
                    <Coords points="570,1556 570,1616 704,1616 704,1556"/>
                    <TextEquiv>
                        <Unicode>ramos</Unicode>
                    </TextEquiv>
                </Word>
                <Word id="r_9_1l16_w4" custom="readingOrder {index:3;}">
                    <Coords points="720,1555 720,1615 827,1615 827,1555"/>
                    <TextEquiv>
                        <Unicode>mittit</Unicode>
                    </TextEquiv>
                </Word>
                <Word id="r_9_1l16_w5" custom="readingOrder {index:4;}">
                    <Coords points="843,1554 843,1614 998,1614 998,1554"/>
                    <TextEquiv>
                        <Unicode>tenues,</Unicode>
                    </TextEquiv>
                </Word>
                <Word id="r_9_1l16_w6" custom="readingOrder {index:5;}">
                    <Coords points="1025,1553 1025,1613 1062,1613 1062,1553"/>
                    <TextEquiv>
                        <Unicode>&amp;</Unicode>
                    </TextEquiv>
                </Word>
                <Word id="r_9_1l16_w7" custom="readingOrder {index:6;}">
                    <Coords points="1073,1552 1073,1612 1164,1612 1164,1552"/>
                    <TextEquiv>
                        <Unicode>circa</Unicode>
                    </TextEquiv>
                </Word>
                <Word id="r_9_1l16_w8" custom="readingOrder {index:7;}">
                    <Coords points="1186,1552 1186,1612 1250,1612 1250,1552"/>
                    <TextEquiv>
                        <Unicode>eos</Unicode>
                    </TextEquiv>
                </Word>
                <TextEquiv>
                    <Unicode>narii utuntur, ramos mittit tenues, &amp; circa eos</Unicode>
                </TextEquiv>
            </TextLine>
            <TextLine id="r_9_1l17" custom="readingOrder {index:16;}">
                <Coords points="237,1672 1073,1651 1247,1678 1246,1613 1091,1601 237,1615"/>
                <Baseline points="251,1649 300,1649 349,1650 398,1650 447,1650 496,1650 545,1649 594,1649 643,1649 692,1647 742,1647 791,1646 840,1646 889,1646 938,1644 987,1644 1036,1644 1085,1644 1134,1645 1183,1646 1233,1646"/>
                <Word id="r_9_1l17_w1" custom="readingOrder {index:0;}">
                    <Coords points="245,1609 245,1669 339,1669 339,1609"/>
                    <TextEquiv>
                        <Unicode>folia</Unicode>
                    </TextEquiv>
                </Word>
                <Word id="r_9_1l17_w2" custom="readingOrder {index:1;}">
                    <Coords points="358,1610 358,1670 521,1670 521,1610"/>
                    <TextEquiv>
                        <Unicode>minuta,</Unicode>
                    </TextEquiv>
                </Word>
                <Word id="r_9_1l17_w3" custom="readingOrder {index:2;}">
                    <Coords points="527,1609 527,1669 653,1669 653,1609"/>
                    <TextEquiv>
                        <Unicode>densa,</Unicode>
                    </TextEquiv>
                </Word>
                <Word id="r_9_1l17_w4" custom="readingOrder {index:3;}">
                    <Coords points="665,1607 665,1667 797,1667 797,1607"/>
                    <TextEquiv>
                        <Unicode>longa,</Unicode>
                    </TextEquiv>
                </Word>
                <Word id="r_9_1l17_w5" custom="readingOrder {index:4;}">
                    <Coords points="811,1606 811,1666 930,1666 930,1606"/>
                    <TextEquiv>
                        <Unicode>exilia,</Unicode>
                    </TextEquiv>
                </Word>
                <Word id="r_9_1l17_w6" custom="readingOrder {index:5;}">
                    <Coords points="949,1604 949,1664 1068,1664 1068,1604"/>
                    <TextEquiv>
                        <Unicode>subter</Unicode>
                    </TextEquiv>
                </Word>
                <Word id="r_9_1l17_w7" custom="readingOrder {index:6;}">
                    <Coords points="1087,1605 1087,1665 1243,1665 1243,1605"/>
                    <TextEquiv>
                        <Unicode>incana,</Unicode>
                    </TextEquiv>
                </Word>
                <TextEquiv>
                    <Unicode>folia minuta, densa, longa, exilia, subter incana,</Unicode>
                </TextEquiv>
            </TextLine>
            <TextLine id="r_9_1l18" custom="readingOrder {index:17;}">
                <Coords points="239,1724 1241,1701 1217,1652 239,1664"/>
                <Baseline points="252,1698 300,1700 349,1701 398,1701 447,1701 495,1701 544,1701 593,1701 642,1700 690,1700 739,1698 788,1698 837,1697 885,1697 934,1695 983,1695 1032,1695 1080,1695 1129,1695 1178,1695 1227,1697"/>
                <Word id="r_9_1l18_w1" custom="readingOrder {index:0;}">
                    <Coords points="246,1660 246,1720 409,1720 409,1660"/>
                    <TextEquiv>
                        <Unicode>supernè</Unicode>
                    </TextEquiv>
                </Word>
                <Word id="r_9_1l18_w2" custom="readingOrder {index:1;}">
                    <Coords points="432,1661 432,1721 601,1721 601,1661"/>
                    <TextEquiv>
                        <Unicode>virentia,</Unicode>
                    </TextEquiv>
                </Word>
                <Word id="r_9_1l18_w3" custom="readingOrder {index:2;}">
                    <Coords points="613,1659 613,1719 769,1719 769,1659"/>
                    <TextEquiv>
                        <Unicode>graviter</Unicode>
                    </TextEquiv>
                </Word>
                <Word id="r_9_1l18_w4" custom="readingOrder {index:3;}">
                    <Coords points="787,1657 787,1717 968,1717 968,1657"/>
                    <TextEquiv>
                        <Unicode>odorata.</Unicode>
                    </TextEquiv>
                </Word>
                <Word id="r_9_1l18_w5" custom="readingOrder {index:4;}">
                    <Coords points="980,1655 980,1715 986,1715 986,1655"/>
                    <TextEquiv>
                        <Unicode>*</Unicode>
                    </TextEquiv>
                </Word>
                <Word id="r_9_1l18_w6" custom="readingOrder {index:5;}">
                    <Coords points="998,1655 998,1715 1244,1715 1244,1655"/>
                    <TextEquiv>
                        <Unicode>Excalfacto¬</Unicode>
                    </TextEquiv>
                </Word>
                <TextEquiv>
                    <Unicode>supernè virentia, graviter odorata. * Excalfacto¬</Unicode>
                </TextEquiv>
            </TextLine>
            <TextLine id="r_9_1l19" custom="readingOrder {index:18;}">
                <Coords points="245,1768 1122,1770 1262,1755 1262,1714 245,1716"/>
                <Baseline points="258,1752 307,1752 357,1754 406,1754 456,1754 505,1754 555,1752 604,1752 654,1752 703,1751 753,1751 802,1749 852,1749 901,1748 951,1748 1000,1747 1050,1746 1099,1746 1149,1746 1198,1746 1248,1748"/>
                <Word id="r_9_1l19_w1" custom="readingOrder {index:0;}">
                    <Coords points="247,1712 247,1772 301,1772 301,1712"/>
                    <TextEquiv>
                        <Unicode>ria</Unicode>
                    </TextEquiv>
                </Word>
                <Word id="r_9_1l19_w2" custom="readingOrder {index:1;}">
                    <Coords points="319,1713 319,1773 355,1773 355,1713"/>
                    <TextEquiv>
                        <Unicode>vi</Unicode>
                    </TextEquiv>
                </Word>
                <Word id="r_9_1l19_w3" custom="readingOrder {index:2;}">
                    <Coords points="373,1714 373,1774 568,1774 568,1714"/>
                    <TextEquiv>
                        <Unicode>pręditum</Unicode>
                    </TextEquiv>
                </Word>
                <Word id="r_9_1l19_w4" custom="readingOrder {index:3;}">
                    <Coords points="586,1712 586,1772 646,1772 646,1712"/>
                    <TextEquiv>
                        <Unicode>est.</Unicode>
                    </TextEquiv>
                </Word>
                <Word id="r_9_1l19_w5" custom="readingOrder {index:4;}">
                    <Coords points="658,1711 658,1771 816,1771 816,1711"/>
                    <TextEquiv>
                        <Unicode>Regium</Unicode>
                    </TextEquiv>
                </Word>
                <Word id="r_9_1l19_w6" custom="readingOrder {index:5;}">
                    <Coords points="835,1708 835,1768 1010,1768 1010,1708"/>
                    <TextEquiv>
                        <Unicode>morbum</Unicode>
                    </TextEquiv>
                </Word>
                <Word id="r_9_1l19_w7" custom="readingOrder {index:6;}">
                    <Coords points="1034,1706 1034,1766 1150,1766 1150,1706"/>
                    <TextEquiv>
                        <Unicode>sanat,</Unicode>
                    </TextEquiv>
                </Word>
                <Word id="r_9_1l19_w8" custom="readingOrder {index:7;}">
                    <Coords points="1162,1706 1162,1766 1180,1766 1180,1706"/>
                    <TextEquiv>
                        <Unicode>si</Unicode>
                    </TextEquiv>
                </Word>
                <Word id="r_9_1l19_w9" custom="readingOrder {index:8;}">
                    <Coords points="1199,1707 1199,1767 1259,1767 1259,1707"/>
                    <TextEquiv>
                        <Unicode>de¬</Unicode>
                    </TextEquiv>
                </Word>
                <TextEquiv>
                    <Unicode>ria vi pręditum est. Regium morbum sanat, si de¬</Unicode>
                </TextEquiv>
            </TextLine>
            <TextLine id="r_9_1l20" custom="readingOrder {index:19;}">
                <Coords points="242,1814 1260,1811 1259,1749 242,1762"/>
                <Baseline points="255,1805 304,1805 354,1805 403,1805 453,1805 503,1805 552,1805 602,1803 651,1803 701,1802 751,1802 800,1800 850,1800 899,1799 949,1799 999,1798 1048,1797 1098,1797 1147,1797 1197,1797 1247,1799"/>
                <Word id="r_9_1l20_w1" custom="readingOrder {index:0;}">
                    <Coords points="248,1765 248,1825 405,1825 405,1765"/>
                    <TextEquiv>
                        <Unicode>coctum</Unicode>
                    </TextEquiv>
                </Word>
                <Word id="r_9_1l20_w2" custom="readingOrder {index:1;}">
                    <Coords points="422,1765 422,1825 461,1825 461,1765"/>
                    <TextEquiv>
                        <Unicode>in</Unicode>
                    </TextEquiv>
                </Word>
                <Word id="r_9_1l20_w3" custom="readingOrder {index:2;}">
                    <Coords points="473,1765 473,1825 590,1825 590,1765"/>
                    <TextEquiv>
                        <Unicode>aqua,</Unicode>
                    </TextEquiv>
                </Word>
                <Word id="r_9_1l20_w4" custom="readingOrder {index:3;}">
                    <Coords points="607,1763 607,1823 686,1823 686,1763"/>
                    <TextEquiv>
                        <Unicode>ante</Unicode>
                    </TextEquiv>
                </Word>
                <Word id="r_9_1l20_w5" custom="readingOrder {index:4;}">
                    <Coords points="708,1759 708,1819 994,1819 994,1759"/>
                    <TextEquiv>
                        <Unicode>exercitationes</Unicode>
                    </TextEquiv>
                </Word>
                <Word id="r_9_1l20_w6" custom="readingOrder {index:5;}">
                    <Coords points="1017,1757 1017,1817 1191,1817 1191,1757"/>
                    <TextEquiv>
                        <Unicode>bibatur:</Unicode>
                    </TextEquiv>
                </Word>
                <Word id="r_9_1l20_w7" custom="readingOrder {index:6;}">
                    <Coords points="1207,1758 1207,1818 1241,1818 1241,1758"/>
                    <TextEquiv>
                        <Unicode>&amp;</Unicode>
                    </TextEquiv>
                </Word>
                <TextEquiv>
                    <Unicode>coctum in aqua, ante exercitationes bibatur: &amp;</Unicode>
                </TextEquiv>
            </TextLine>
            <TextLine id="r_9_1l21" custom="readingOrder {index:20;}">
                <Coords points="253,1866 1247,1856 1215,1804 252,1817"/>
                <Baseline points="266,1856 314,1856 362,1856 411,1856 459,1856 507,1856 556,1855 604,1854 652,1854 701,1853 749,1853 797,1853 846,1851 894,1851 942,1850 991,1850 1039,1850 1087,1848 1136,1848 1184,1848 1233,1848"/>
                <Word id="r_9_1l21_w1" custom="readingOrder {index:0;}">
                    <Coords points="252,1816 252,1876 312,1876 312,1816"/>
                    <TextEquiv>
                        <Unicode>ubi</Unicode>
                    </TextEquiv>
                </Word>
                <Word id="r_9_1l21_w2" custom="readingOrder {index:1;}">
                    <Coords points="323,1816 323,1876 504,1876 504,1816"/>
                    <TextEquiv>
                        <Unicode>laborans</Unicode>
                    </TextEquiv>
                </Word>
                <Word id="r_9_1l21_w3" custom="readingOrder {index:2;}">
                    <Coords points="532,1813 532,1873 795,1873 795,1813"/>
                    <TextEquiv>
                        <Unicode>exercitationi</Unicode>
                    </TextEquiv>
                </Word>
                <Word id="r_9_1l21_w4" custom="readingOrder {index:3;}">
                    <Coords points="817,1811 817,1871 844,1871 844,1811"/>
                    <TextEquiv>
                        <Unicode>se</Unicode>
                    </TextEquiv>
                </Word>
                <Word id="r_9_1l21_w5" custom="readingOrder {index:4;}">
                    <Coords points="872,1810 872,1870 1092,1870 1092,1810"/>
                    <TextEquiv>
                        <Unicode>crediderit,</Unicode>
                    </TextEquiv>
                </Word>
                <Word id="r_9_1l21_w6" custom="readingOrder {index:5;}">
                    <Coords points="1113,1808 1113,1868 1152,1868 1152,1808"/>
                    <TextEquiv>
                        <Unicode>in</Unicode>
                    </TextEquiv>
                </Word>
                <Word id="r_9_1l21_w7" custom="readingOrder {index:6;}">
                    <Coords points="1169,1808 1169,1868 1250,1868 1250,1808"/>
                    <TextEquiv>
                        <Unicode>bal¬</Unicode>
                    </TextEquiv>
                </Word>
                <TextEquiv>
                    <Unicode>ubi laborans exercitationi se crediderit, in bal¬</Unicode>
                </TextEquiv>
            </TextLine>
            <TextLine id="r_9_1l22" custom="readingOrder {index:21;}">
                <Coords points="248,1928 1115,1925 1244,1908 1244,1856 247,1871"/>
                <Baseline points="261,1907 309,1907 357,1907 406,1907 454,1906 503,1905 551,1905 600,1905 648,1904 697,1904 745,1903 793,1902 842,1902 890,1901 939,1901 987,1901 1036,1899 1084,1899 1133,1899 1181,1899 1230,1899"/>
                <Word id="r_9_1l22_w1" custom="readingOrder {index:0;}">
                    <Coords points="248,1867 248,1927 316,1927 316,1867"/>
                    <TextEquiv>
                        <Unicode>nea</Unicode>
                    </TextEquiv>
                </Word>
                <Word id="r_9_1l22_w2" custom="readingOrder {index:1;}">
                    <Coords points="332,1866 332,1926 558,1926 558,1866"/>
                    <TextEquiv>
                        <Unicode>descendat,</Unicode>
                    </TextEquiv>
                </Word>
                <Word id="r_9_1l22_w3" custom="readingOrder {index:2;}">
                    <Coords points="575,1865 575,1925 614,1925 614,1865"/>
                    <TextEquiv>
                        <Unicode>&amp;</Unicode>
                    </TextEquiv>
                </Word>
                <Word id="r_9_1l22_w4" custom="readingOrder {index:3;}">
                    <Coords points="632,1863 632,1923 785,1923 785,1863"/>
                    <TextEquiv>
                        <Unicode>merum</Unicode>
                    </TextEquiv>
                </Word>
                <Word id="r_9_1l22_w5" custom="readingOrder {index:4;}">
                    <Coords points="801,1861 801,1921 925,1921 925,1861"/>
                    <TextEquiv>
                        <Unicode>potet.</Unicode>
                    </TextEquiv>
                </Word>
                <Word id="r_9_1l22_w6" custom="readingOrder {index:5;}">
                    <Coords points="943,1859 943,1919 1095,1919 1095,1859"/>
                    <TextEquiv>
                        <Unicode>Acopis,</Unicode>
                    </TextEquiv>
                </Word>
                <Word id="r_9_1l22_w7" custom="readingOrder {index:6;}">
                    <Coords points="1107,1859 1107,1919 1247,1919 1247,1859"/>
                    <TextEquiv>
                        <Unicode>gleuci¬</Unicode>
                    </TextEquiv>
                </Word>
                <TextEquiv>
                    <Unicode>nea descendat, &amp; merum potet. Acopis, gleuci¬</Unicode>
                </TextEquiv>
            </TextLine>
            <TextLine id="r_9_1l23" custom="readingOrder {index:22;}">
                <Coords points="249,1970 1222,1966 1258,1961 1258,1909 248,1929"/>
                <Baseline points="261,1958 310,1958 359,1957 408,1956 457,1956 506,1956 555,1955 605,1955 654,1955 703,1953 752,1953 801,1953 850,1952 899,1952 949,1952 998,1952 1047,1950 1096,1950 1145,1950 1194,1950 1244,1949"/>
                <Word id="r_9_1l23_w1" custom="readingOrder {index:0;}">
                    <Coords points="250,1918 250,1978 347,1978 347,1918"/>
                    <TextEquiv>
                        <Unicode>noque</Unicode>
                    </TextEquiv>
                </Word>
                <Word id="r_9_1l23_w2" custom="readingOrder {index:1;}">
                    <Coords points="359,1916 359,1976 560,1976 560,1916"/>
                    <TextEquiv>
                        <Unicode>unguento</Unicode>
                    </TextEquiv>
                </Word>
                <Word id="r_9_1l23_w3" custom="readingOrder {index:2;}">
                    <Coords points="584,1913 584,1973 779,1973 779,1913"/>
                    <TextEquiv>
                        <Unicode>admisceri</Unicode>
                    </TextEquiv>
                </Word>
                <Word id="r_9_1l23_w4" custom="readingOrder {index:3;}">
                    <Coords points="797,1912 797,1972 908,1972 908,1912"/>
                    <TextEquiv>
                        <Unicode>solet.</Unicode>
                    </TextEquiv>
                </Word>
                <Word id="r_9_1l23_w5" custom="readingOrder {index:4;}">
                    <Coords points="920,1912 920,1972 1048,1972 1048,1912"/>
                    <TextEquiv>
                        <Unicode>Flores</Unicode>
                    </TextEquiv>
                </Word>
                <Word id="r_9_1l23_w6" custom="readingOrder {index:5;}">
                    <Coords points="1066,1910 1066,1970 1133,1970 1133,1910"/>
                    <TextEquiv>
                        <Unicode>feri</Unicode>
                    </TextEquiv>
                </Word>
                <Word id="r_9_1l23_w7" custom="readingOrder {index:6;}">
                    <Coords points="1151,1910 1151,1970 1200,1970 1200,1910"/>
                    <TextEquiv>
                        <Unicode>bis</Unicode>
                    </TextEquiv>
                </Word>
                <Word id="r_9_1l23_w8" custom="readingOrder {index:7;}">
                    <Coords points="1218,1909 1218,1969 1249,1969 1249,1909"/>
                    <TextEquiv>
                        <Unicode>in</Unicode>
                    </TextEquiv>
                </Word>
                <TextEquiv>
                    <Unicode>noque unguento admisceri solet. Flores fert bis in</Unicode>
                </TextEquiv>
            </TextLine>
            <TextLine id="r_9_1l24" custom="readingOrder {index:23;}">
                <Coords points="246,2024 1243,2020 1245,1960 246,1967"/>
                <Baseline points="260,2009 308,2009 357,2009 405,2009 454,2007 503,2007 551,2006 600,2006 648,2006 697,2004 746,2004 794,2003 843,2003 891,2002 940,2001 989,2001 1037,2001 1086,2001 1134,2001 1183,2001 1232,2003"/>
                <Word id="r_9_1l24_w1" custom="readingOrder {index:0;}">
                    <Coords points="247,1969 247,2029 370,2029 370,1969"/>
                    <TextEquiv>
                        <Unicode>anno,</Unicode>
                    </TextEquiv>
                </Word>
                <Word id="r_9_1l24_w2" custom="readingOrder {index:1;}">
                    <Coords points="382,1968 382,2028 470,2028 470,1968"/>
                    <TextEquiv>
                        <Unicode>Vere</Unicode>
                    </TextEquiv>
                </Word>
                <Word id="r_9_1l24_w3" custom="readingOrder {index:2;}">
                    <Coords points="487,1966 487,2026 622,2026 622,1966"/>
                    <TextEquiv>
                        <Unicode>scilicet</Unicode>
                    </TextEquiv>
                </Word>
                <Word id="r_9_1l24_w4" custom="readingOrder {index:3;}">
                    <Coords points="639,1965 639,2025 668,2025 668,1965"/>
                    <TextEquiv>
                        <Unicode>&amp;</Unicode>
                    </TextEquiv>
                </Word>
                <Word id="r_9_1l24_w5" custom="readingOrder {index:4;}">
                    <Coords points="686,1963 686,2023 891,2023 891,1963"/>
                    <TextEquiv>
                        <Unicode>autumno.</Unicode>
                    </TextEquiv>
                </Word>
                <Word id="r_9_1l24_w6" custom="readingOrder {index:5;}">
                    <Coords points="908,1961 908,2021 1108,2021 1108,1961"/>
                    <TextEquiv>
                        <Unicode>Colligitur</Unicode>
                    </TextEquiv>
                </Word>
                <Word id="r_9_1l24_w7" custom="readingOrder {index:6;}">
                    <Coords points="1131,1961 1131,2021 1143,2021 1143,1961"/>
                    <TextEquiv>
                        <Unicode>à</Unicode>
                    </TextEquiv>
                </Word>
                <Word id="r_9_1l24_w8" custom="readingOrder {index:7;}">
                    <Coords points="1161,1961 1161,2021 1242,2021 1242,1961"/>
                    <TextEquiv>
                        <Unicode>men¬</Unicode>
                    </TextEquiv>
                </Word>
                <TextEquiv>
                    <Unicode>anno, Vere scilicet &amp; autumno. Colligitur à men¬</Unicode>
                </TextEquiv>
            </TextLine>
            <TextLine id="r_9_1l25" custom="readingOrder {index:24;}">
                <Coords points="250,2071 1252,2084 1252,2030 1153,2007 250,2022"/>
                <Baseline points="264,2058 312,2060 361,2060 410,2060 459,2060 507,2060 556,2058 605,2058 654,2058 702,2057 751,2057 800,2056 849,2055 897,2055 946,2054 995,2054 1044,2054 1092,2054 1141,2054 1190,2054 1239,2054"/>
                <Word id="r_9_1l25_w1" custom="readingOrder {index:0;}">
                    <Coords points="256,2018 256,2078 290,2078 290,2018"/>
                    <TextEquiv>
                        <Unicode>se</Unicode>
                    </TextEquiv>
                </Word>
                <Word id="r_9_1l25_w2" custom="readingOrder {index:1;}">
                    <Coords points="307,2020 307,2080 408,2080 408,2020"/>
                    <TextEquiv>
                        <Unicode>Majo</Unicode>
                    </TextEquiv>
                </Word>
                <Word id="r_9_1l25_w3" custom="readingOrder {index:2;}">
                    <Coords points="431,2020 431,2080 516,2080 516,2020"/>
                    <TextEquiv>
                        <Unicode>usque</Unicode>
                    </TextEquiv>
                </Word>
                <Word id="r_9_1l25_w4" custom="readingOrder {index:3;}">
                    <Coords points="527,2018 527,2078 561,2078 561,2018"/>
                    <TextEquiv>
                        <Unicode>in</Unicode>
                    </TextEquiv>
                </Word>
                <Word id="r_9_1l25_w5" custom="readingOrder {index:4;}">
                    <Coords points="578,2017 578,2077 826,2077 826,2017"/>
                    <TextEquiv>
                        <Unicode>autumnum.</Unicode>
                    </TextEquiv>
                </Word>
                <Word id="r_9_1l25_w6" custom="readingOrder {index:5;}">
                    <Coords points="838,2014 838,2074 1092,2074 1092,2014"/>
                    <TextEquiv>
                        <Unicode>Conservatur</Unicode>
                    </TextEquiv>
                </Word>
                <Word id="r_9_1l25_w7" custom="readingOrder {index:6;}">
                    <Coords points="1109,2014 1109,2074 1171,2074 1171,2014"/>
                    <TextEquiv>
                        <Unicode>per</Unicode>
                    </TextEquiv>
                </Word>
                <Word id="r_9_1l25_w8" custom="readingOrder {index:7;}">
                    <Coords points="1188,2014 1188,2074 1255,2074 1255,2014"/>
                    <TextEquiv>
                        <Unicode>an¬</Unicode>
                    </TextEquiv>
                </Word>
                <TextEquiv>
                    <Unicode>se Majo usque in autumnum. Conservatur per an¬</Unicode>
                </TextEquiv>
            </TextLine>
            <TextLine id="r_9_1l26" custom="readingOrder {index:25;} textStyle {offset:5; length:11;italic:true;}">
                <Coords points="249,2120 356,2129 379,2116 457,2135 506,2117 613,2118 612,2069 597,2066 519,2070 498,2083 462,2068 438,2079 425,2066 368,2085 249,2073"/>
                <Baseline points="263,2111 288,2111 314,2111 340,2111 366,2111 392,2109 418,2109 443,2109 469,2108 495,2108 521,2108 547,2108 573,2108 599,2108"/>
                <Word id="r_9_1l26_w1" custom="readingOrder {index:0;}">
                    <Coords points="254,2071 254,2131 377,2131 377,2071"/>
                    <TextEquiv>
                        <Unicode>num.</Unicode>
                    </TextEquiv>
                </Word>
                <Word id="r_9_1l26_w2" custom="readingOrder {index:1;}">
                    <Coords points="388,2068 388,2128 611,2128 611,2068"/>
                    <TextEquiv>
                        <Unicode>Dioscorides.</Unicode>
                    </TextEquiv>
                </Word>
                <TextEquiv>
                    <Unicode>num. Dioscorides.</Unicode>
                </TextEquiv>
            </TextLine>
            <TextLine id="r_9_1l27" custom="readingOrder {index:26;}">
                <Coords points="300,2177 1253,2170 1224,2105 300,2126"/>
                <Baseline points="312,2162 358,2162 404,2162 451,2162 497,2162 543,2161 590,2160 636,2160 682,2159 729,2159 775,2159 821,2157 868,2157 914,2157 960,2157 1007,2156 1053,2156 1099,2156 1146,2156 1192,2157 1239,2157"/>
                <Word id="r_9_1l27_w1" custom="readingOrder {index:0;}">
                    <Coords points="302,2122 302,2182 498,2182 498,2122"/>
                    <TextEquiv>
                        <Unicode>SALVIA,</Unicode>
                    </TextEquiv>
                </Word>
                <Word id="r_9_1l27_w2" custom="readingOrder {index:1;}">
                    <Coords points="511,2121 511,2181 573,2181 573,2121"/>
                    <TextEquiv>
                        <Unicode>sive</Unicode>
                    </TextEquiv>
                </Word>
                <Word id="r_9_1l27_w3" custom="readingOrder {index:2;}">
                    <Coords points="591,2119 591,2179 856,2179 856,2119"/>
                    <TextEquiv>
                        <Unicode>elelisphacon</Unicode>
                    </TextEquiv>
                </Word>
                <Word id="r_9_1l27_w4" custom="readingOrder {index:3;}">
                    <Coords points="874,2117 874,2177 985,2177 985,2117"/>
                    <TextEquiv>
                        <Unicode>(Ger.</Unicode>
                    </TextEquiv>
                </Word>
                <Word id="r_9_1l27_w5" custom="readingOrder {index:4;}">
                    <Coords points="997,2116 997,2176 1145,2176 1145,2116"/>
                    <TextEquiv>
                        <Unicode>Salkey.</Unicode>
                    </TextEquiv>
                </Word>
                <Word id="r_9_1l27_w6" custom="readingOrder {index:5;}">
                    <Coords points="1158,2117 1158,2177 1256,2177 1256,2117"/>
                    <TextEquiv>
                        <Unicode>Gall.</Unicode>
                    </TextEquiv>
                </Word>
                <TextEquiv>
                    <Unicode>SALVIA, sive elelisphacon (Ger. Salbey. Gall.</Unicode>
                </TextEquiv>
            </TextLine>
            <TextLine id="r_9_1l28" custom="readingOrder {index:27;} textStyle {offset:0; length:6;italic:true;}">
                <Coords points="248,2232 1237,2217 1237,2165 248,2165"/>
                <Baseline points="261,2214 309,2213 357,2213 405,2213 453,2213 501,2213 549,2211 598,2211 646,2211 694,2211 742,2210 790,2210 838,2210 886,2210 935,2208 983,2208 1031,2208 1079,2207 1127,2207 1175,2207 1224,2207"/>
                <Word id="r_9_1l28_w1" custom="readingOrder {index:0;}">
                    <Coords points="249,2173 249,2233 413,2233 413,2173"/>
                    <TextEquiv>
                        <Unicode>Saulge.)</Unicode>
                    </TextEquiv>
                </Word>
                <Word id="r_9_1l28_w2" custom="readingOrder {index:1;}">
                    <Coords points="425,2173 425,2233 542,2233 542,2173"/>
                    <TextEquiv>
                        <Unicode>frutex</Unicode>
                    </TextEquiv>
                </Word>
                <Word id="r_9_1l28_w3" custom="readingOrder {index:2;}">
                    <Coords points="566,2171 566,2231 606,2231 606,2171"/>
                    <TextEquiv>
                        <Unicode>est</Unicode>
                    </TextEquiv>
                </Word>
                <Word id="r_9_1l28_w4" custom="readingOrder {index:3;}">
                    <Coords points="625,2170 625,2230 812,2230 812,2170"/>
                    <TextEquiv>
                        <Unicode>ramosus,</Unicode>
                    </TextEquiv>
                </Word>
                <Word id="r_9_1l28_w5" custom="readingOrder {index:4;}">
                    <Coords points="824,2169 824,2229 976,2229 976,2169"/>
                    <TextEquiv>
                        <Unicode>longus,</Unicode>
                    </TextEquiv>
                </Word>
                <Word id="r_9_1l28_w6" custom="readingOrder {index:5;}">
                    <Coords points="988,2167 988,2227 1105,2227 1105,2167"/>
                    <TextEquiv>
                        <Unicode>virgas</Unicode>
                    </TextEquiv>
                </Word>
                <Word id="r_9_1l28_w7" custom="readingOrder {index:6;}">
                    <Coords points="1129,2167 1129,2227 1240,2227 1240,2167"/>
                    <TextEquiv>
                        <Unicode>habens</Unicode>
                    </TextEquiv>
                </Word>
                <TextEquiv>
                    <Unicode>Saulge.) frutex est ramosus, longus, virgas habens</Unicode>
                </TextEquiv>
            </TextLine>
            <TextLine id="r_9_1l29" custom="readingOrder {index:28;}">
                <Coords points="252,2279 1186,2274 1246,2268 1246,2224 252,2230"/>
                <Baseline points="264,2262 312,2262 360,2264 409,2264 457,2264 506,2264 554,2264 603,2263 651,2262 700,2262 748,2262 796,2261 845,2261 893,2261 942,2259 990,2259 1039,2258 1087,2258 1136,2258 1184,2256 1233,2256"/>
                <Word id="r_9_1l29_w1" custom="readingOrder {index:0;}">
                    <Coords points="257,2224 257,2284 563,2284 563,2224"/>
                    <TextEquiv>
                        <Unicode>quadrangulas,</Unicode>
                    </TextEquiv>
                </Word>
                <Word id="r_9_1l29_w2" custom="readingOrder {index:1;}">
                    <Coords points="574,2223 574,2283 606,2283 606,2223"/>
                    <TextEquiv>
                        <Unicode>&amp;</Unicode>
                    </TextEquiv>
                </Word>
                <Word id="r_9_1l29_w3" custom="readingOrder {index:2;}">
                    <Coords points="617,2222 617,2282 751,2282 751,2222"/>
                    <TextEquiv>
                        <Unicode>canas:</Unicode>
                    </TextEquiv>
                </Word>
                <Word id="r_9_1l29_w4" custom="readingOrder {index:3;}">
                    <Coords points="767,2221 767,2281 858,2281 858,2221"/>
                    <TextEquiv>
                        <Unicode>folia</Unicode>
                    </TextEquiv>
                </Word>
                <Word id="r_9_1l29_w5" custom="readingOrder {index:4;}">
                    <Coords points="879,2219 879,2279 971,2279 971,2219"/>
                    <TextEquiv>
                        <Unicode>mala</Unicode>
                    </TextEquiv>
                </Word>
                <Word id="r_9_1l29_w6" custom="readingOrder {index:5;}">
                    <Coords points="992,2218 992,2278 1148,2278 1148,2218"/>
                    <TextEquiv>
                        <Unicode>cotonei</Unicode>
                    </TextEquiv>
                </Word>
                <Word id="r_9_1l29_w7" custom="readingOrder {index:6;}">
                    <Coords points="1169,2216 1169,2276 1250,2276 1250,2216"/>
                    <TextEquiv>
                        <Unicode>effi¬</Unicode>
                    </TextEquiv>
                </Word>
                <TextEquiv>
                    <Unicode>quadrangulas, &amp; canas: folia mala cotonei effi¬</Unicode>
                </TextEquiv>
            </TextLine>
            <TextLine id="r_9_1l30" custom="readingOrder {index:29;}">
                <Coords points="250,2336 1255,2319 1254,2267 250,2279"/>
                <Baseline points="264,2315 312,2315 361,2315 410,2315 459,2315 508,2315 557,2315 605,2315 654,2313 703,2313 752,2313 801,2313 850,2312 899,2312 947,2312 996,2312 1045,2310 1094,2310 1143,2309 1192,2309 1241,2309"/>
                <Word id="r_9_1l30_w1" custom="readingOrder {index:0;}">
                    <Coords points="246,2275 246,2335 322,2335 322,2275"/>
                    <TextEquiv>
                        <Unicode>gie,</Unicode>
                    </TextEquiv>
                </Word>
                <Word id="r_9_1l30_w2" custom="readingOrder {index:1;}">
                    <Coords points="335,2275 335,2335 392,2335 392,2275"/>
                    <TextEquiv>
                        <Unicode>sed</Unicode>
                    </TextEquiv>
                </Word>
                <Word id="r_9_1l30_w3" custom="readingOrder {index:2;}">
                    <Coords points="411,2275 411,2335 609,2335 609,2275"/>
                    <TextEquiv>
                        <Unicode>longiora,</Unicode>
                    </TextEquiv>
                </Word>
                <Word id="r_9_1l30_w4" custom="readingOrder {index:3;}">
                    <Coords points="615,2273 615,2333 818,2333 818,2273"/>
                    <TextEquiv>
                        <Unicode>asperiora,</Unicode>
                    </TextEquiv>
                </Word>
                <Word id="r_9_1l30_w5" custom="readingOrder {index:4;}">
                    <Coords points="832,2272 832,2332 1022,2332 1022,2272"/>
                    <TextEquiv>
                        <Unicode>crasiiora,</Unicode>
                    </TextEquiv>
                </Word>
                <Word id="r_9_1l30_w6" custom="readingOrder {index:5;}">
                    <Coords points="1035,2270 1035,2330 1067,2330 1067,2270"/>
                    <TextEquiv>
                        <Unicode>&amp;</Unicode>
                    </TextEquiv>
                </Word>
                <Word id="r_9_1l30_w7" custom="readingOrder {index:6;}">
                    <Coords points="1079,2269 1079,2329 1156,2329 1156,2269"/>
                    <TextEquiv>
                        <Unicode>quę</Unicode>
                    </TextEquiv>
                </Word>
                <Word id="r_9_1l30_w8" custom="readingOrder {index:7;}">
                    <Coords points="1175,2269 1175,2329 1257,2329 1257,2269"/>
                    <TextEquiv>
                        <Unicode>sen¬</Unicode>
                    </TextEquiv>
                </Word>
                <TextEquiv>
                    <Unicode>gie, sed longiora, asperiora, crassiora, &amp; quę sen¬</Unicode>
                </TextEquiv>
            </TextLine>
            <TextLine id="r_9_1l31" custom="readingOrder {index:30;}">
                <Coords points="238,2383 1164,2382 1237,2319 238,2339"/>
                <Baseline points="251,2366 299,2366 348,2366 396,2366 445,2366 494,2366 542,2366 591,2366 639,2364 688,2364 737,2364 785,2364 834,2363 882,2363 931,2363 980,2361 1028,2361 1077,2361 1125,2361 1174,2360 1223,2360"/>
                <Word id="r_9_1l31_w1" custom="readingOrder {index:0;}">
                    <Coords points="239,2326 239,2386 310,2386 310,2326"/>
                    <TextEquiv>
                        <Unicode>sim</Unicode>
                    </TextEquiv>
                </Word>
                <Word id="r_9_1l31_w2" custom="readingOrder {index:1;}">
                    <Coords points="327,2326 327,2386 538,2386 538,2326"/>
                    <TextEquiv>
                        <Unicode>attritarum</Unicode>
                    </TextEquiv>
                </Word>
                <Word id="r_9_1l31_w3" custom="readingOrder {index:2;}">
                    <Coords points="554,2325 554,2385 659,2385 659,2325"/>
                    <TextEquiv>
                        <Unicode>quasi</Unicode>
                    </TextEquiv>
                </Word>
                <Word id="r_9_1l31_w4" custom="readingOrder {index:3;}">
                    <Coords points="681,2324 681,2384 836,2384 836,2324"/>
                    <TextEquiv>
                        <Unicode>vestium</Unicode>
                    </TextEquiv>
                </Word>
                <Word id="r_9_1l31_w5" custom="readingOrder {index:4;}">
                    <Coords points="864,2321 864,2381 1075,2381 1075,2321"/>
                    <TextEquiv>
                        <Unicode>scabritiem</Unicode>
                    </TextEquiv>
                </Word>
                <Word id="r_9_1l31_w6" custom="readingOrder {index:5;}">
                    <Coords points="1091,2320 1091,2380 1229,2380 1229,2320"/>
                    <TextEquiv>
                        <Unicode>referam:</Unicode>
                    </TextEquiv>
                </Word>
                <TextEquiv>
                    <Unicode>sim attritarum quasi vestium scabritiem referant:</Unicode>
                </TextEquiv>
            </TextLine>
            <TextLine id="r_9_1l32" custom="readingOrder {index:31;}">
                <Coords points="244,2438 1243,2428 1242,2344 1167,2379 243,2378"/>
                <Baseline points="257,2417 305,2417 354,2418 402,2418 451,2418 500,2418 548,2418 597,2417 646,2417 694,2417 743,2415 792,2415 840,2415 889,2414 938,2414 986,2413 1035,2412 1084,2412 1132,2412 1181,2412 1230,2414"/>
                <Word id="r_9_1l32_w1" custom="readingOrder {index:0;}">
                    <Coords points="245,2377 245,2437 402,2437 402,2377"/>
                    <TextEquiv>
                        <Unicode>hirsuta,</Unicode>
                    </TextEquiv>
                </Word>
                <Word id="r_9_1l32_w2" custom="readingOrder {index:1;}">
                    <Coords points="415,2378 415,2438 622,2438 622,2378"/>
                    <TextEquiv>
                        <Unicode>subalbida,</Unicode>
                    </TextEquiv>
                </Word>
                <Word id="r_9_1l32_w3" custom="readingOrder {index:2;}">
                    <Coords points="635,2375 635,2435 824,2435 824,2375"/>
                    <TextEquiv>
                        <Unicode>perquàm</Unicode>
                    </TextEquiv>
                </Word>
                <Word id="r_9_1l32_w4" custom="readingOrder {index:3;}">
                    <Coords points="843,2374 843,2434 1019,2434 1019,2374"/>
                    <TextEquiv>
                        <Unicode>jucundo</Unicode>
                    </TextEquiv>
                </Word>
                <Word id="r_9_1l32_w5" custom="readingOrder {index:4;}">
                    <Coords points="1038,2372 1038,2432 1177,2432 1177,2372"/>
                    <TextEquiv>
                        <Unicode>odore,</Unicode>
                    </TextEquiv>
                </Word>
                <Word id="r_9_1l32_w6" custom="readingOrder {index:5;}">
                    <Coords points="1183,2373 1183,2433 1239,2433 1239,2373"/>
                    <TextEquiv>
                        <Unicode>sed</Unicode>
                    </TextEquiv>
                </Word>
                <TextEquiv>
                    <Unicode>hirsuta, subalbida, perquàm jucundo odore, sed</Unicode>
                </TextEquiv>
            </TextLine>
            <TextLine id="r_9_1l33" custom="readingOrder {index:32;}">
                <Coords points="246,2494 1250,2477 1249,2423 245,2435"/>
                <Baseline points="258,2469 306,2469 355,2469 404,2469 453,2469 502,2469 551,2468 600,2468 649,2468 698,2467 747,2466 795,2466 844,2465 893,2465 942,2465 991,2463 1040,2463 1089,2462 1138,2462 1187,2462 1236,2462"/>
                <Word id="r_9_1l33_w1" custom="readingOrder {index:0;}">
                    <Coords points="246,2429 246,2489 380,2489 380,2429"/>
                    <TextEquiv>
                        <Unicode>gravi:</Unicode>
                    </TextEquiv>
                </Word>
                <Word id="r_9_1l33_w2" custom="readingOrder {index:1;}">
                    <Coords points="403,2429 403,2489 525,2489 525,2429"/>
                    <TextEquiv>
                        <Unicode>semen</Unicode>
                    </TextEquiv>
                </Word>
                <Word id="r_9_1l33_w3" custom="readingOrder {index:2;}">
                    <Coords points="548,2428 548,2488 706,2488 706,2428"/>
                    <TextEquiv>
                        <Unicode>summis</Unicode>
                    </TextEquiv>
                </Word>
                <Word id="r_9_1l33_w4" custom="readingOrder {index:3;}">
                    <Coords points="723,2426 723,2486 759,2486 759,2426"/>
                    <TextEquiv>
                        <Unicode>in</Unicode>
                    </TextEquiv>
                </Word>
                <Word id="r_9_1l33_w5" custom="readingOrder {index:4;}">
                    <Coords points="776,2425 776,2485 915,2485 915,2425"/>
                    <TextEquiv>
                        <Unicode>causib.</Unicode>
                    </TextEquiv>
                </Word>
                <Word id="r_9_1l33_w6" custom="readingOrder {index:5;}">
                    <Coords points="927,2423 927,2483 1091,2483 1091,2423"/>
                    <TextEquiv>
                        <Unicode>sylvestri</Unicode>
                    </TextEquiv>
                </Word>
                <Word id="r_9_1l33_w7" custom="readingOrder {index:6;}">
                    <Coords points="1108,2422 1108,2482 1253,2482 1253,2422"/>
                    <TextEquiv>
                        <Unicode>hormi¬</Unicode>
                    </TextEquiv>
                </Word>
                <TextEquiv>
                    <Unicode>gravi: semen summis in caulibus sylvestri hormi¬</Unicode>
                </TextEquiv>
            </TextLine>
            <TextLine id="r_9_1l34" custom="readingOrder {index:33;}">
                <Coords points="239,2536 1233,2528 1254,2481 239,2490"/>
                <Baseline points="251,2522 300,2522 350,2520 399,2520 449,2519 498,2519 548,2519 597,2519 647,2517 696,2517 746,2517 795,2517 845,2516 894,2516 944,2516 993,2516 1043,2516 1092,2516 1142,2516 1191,2516 1241,2514"/>
                <Word id="r_9_1l34_w1" custom="readingOrder {index:0;}">
                    <Coords points="245,2482 245,2542 300,2542 300,2482"/>
                    <TextEquiv>
                        <Unicode>no</Unicode>
                    </TextEquiv>
                </Word>
                <Word id="r_9_1l34_w2" custom="readingOrder {index:1;}">
                    <Coords points="317,2480 317,2540 434,2540 434,2480"/>
                    <TextEquiv>
                        <Unicode>simile</Unicode>
                    </TextEquiv>
                </Word>
                <Word id="r_9_1l34_w3" custom="readingOrder {index:2;}">
                    <Coords points="451,2479 451,2539 557,2539 557,2479"/>
                    <TextEquiv>
                        <Unicode>gerit.</Unicode>
                    </TextEquiv>
                </Word>
                <Word id="r_9_1l34_w4" custom="readingOrder {index:3;}">
                    <Coords points="568,2479 568,2539 595,2539 595,2479"/>
                    <TextEquiv>
                        <Unicode>*</Unicode>
                    </TextEquiv>
                </Word>
                <Word id="r_9_1l34_w5" custom="readingOrder {index:4;}">
                    <Coords points="617,2477 617,2537 768,2537 768,2477"/>
                    <TextEquiv>
                        <Unicode>Menses</Unicode>
                    </TextEquiv>
                </Word>
                <Word id="r_9_1l34_w6" custom="readingOrder {index:5;}">
                    <Coords points="790,2476 790,2536 829,2536 829,2476"/>
                    <TextEquiv>
                        <Unicode>cit</Unicode>
                    </TextEquiv>
                </Word>
                <Word id="r_9_1l34_w7" custom="readingOrder {index:6;}">
                    <Coords points="852,2476 852,2536 885,2536 885,2476"/>
                    <TextEquiv>
                        <Unicode>&amp;</Unicode>
                    </TextEquiv>
                </Word>
                <Word id="r_9_1l34_w8" custom="readingOrder {index:7;}">
                    <Coords points="901,2476 901,2536 1024,2536 1024,2476"/>
                    <TextEquiv>
                        <Unicode>urinas</Unicode>
                    </TextEquiv>
                </Word>
                <Word id="r_9_1l34_w9" custom="readingOrder {index:8;}">
                    <Coords points="1040,2476 1040,2536 1252,2536 1252,2476"/>
                    <TextEquiv>
                        <Unicode>decoctum</Unicode>
                    </TextEquiv>
                </Word>
                <TextEquiv>
                    <Unicode>no simile gerit. * Menses cit &amp; urinas decoctum</Unicode>
                </TextEquiv>
            </TextLine>
            <TextLine id="r_9_1l35" custom="readingOrder {index:34;}">
                <Coords points="246,2583 1245,2587 1253,2524 246,2531"/>
                <Baseline points="260,2573 311,2573 363,2573 414,2572 466,2571 517,2571 569,2571 620,2570 672,2570 723,2570 775,2568 826,2568 878,2568 929,2568 981,2567 1032,2567 1084,2567 1135,2567 1187,2568 1239,2568"/>
                <Word id="r_9_1l35_w1" custom="readingOrder {index:0;}">
                    <Coords points="247,2533 247,2593 420,2593 420,2533"/>
                    <TextEquiv>
                        <Unicode>foliorum,</Unicode>
                    </TextEquiv>
                </Word>
                <Word id="r_9_1l35_w2" custom="readingOrder {index:1;}">
                    <Coords points="431,2531 431,2591 673,2591 673,2531"/>
                    <TextEquiv>
                        <Unicode>ramorumque</Unicode>
                    </TextEquiv>
                </Word>
                <Word id="r_9_1l35_w3" custom="readingOrder {index:2;}">
                    <Coords points="695,2528 695,2588 853,2588 853,2528"/>
                    <TextEquiv>
                        <Unicode>potum,</Unicode>
                    </TextEquiv>
                </Word>
                <Word id="r_9_1l35_w4" custom="readingOrder {index:3;}">
                    <Coords points="870,2528 870,2588 903,2588 903,2528"/>
                    <TextEquiv>
                        <Unicode>&amp;</Unicode>
                    </TextEquiv>
                </Word>
                <Word id="r_9_1l35_w5" custom="readingOrder {index:4;}">
                    <Coords points="920,2527 920,2587 1049,2587 1049,2527"/>
                    <TextEquiv>
                        <Unicode>partus</Unicode>
                    </TextEquiv>
                </Word>
                <Word id="r_9_1l35_w6" custom="readingOrder {index:5;}">
                    <Coords points="1066,2527 1066,2587 1161,2587 1161,2527"/>
                    <TextEquiv>
                        <Unicode>extra</Unicode>
                    </TextEquiv>
                </Word>
                <Word id="r_9_1l35_w7" custom="readingOrder {index:6;}">
                    <Coords points="1173,2528 1173,2588 1240,2588 1240,2528"/>
                    <TextEquiv>
                        <Unicode>hit,</Unicode>
                    </TextEquiv>
                </Word>
                <TextEquiv>
                    <Unicode>foliorum, ramorumque potum, &amp; partus extra hit,</Unicode>
                </TextEquiv>
            </TextLine>
            <TextLine id="r_9_1l36" custom="readingOrder {index:35;}">
                <Coords points="249,2635 1250,2635 1250,2585 248,2583"/>
                <Baseline points="261,2622 309,2622 358,2622 407,2622 456,2622 504,2622 553,2621 602,2621 651,2621 699,2621 748,2619 797,2619 846,2619 894,2618 943,2618 992,2618 1041,2618 1089,2618 1138,2618 1187,2618 1236,2618"/>
                <Word id="r_9_1l36_w1" custom="readingOrder {index:0;}">
                    <Coords points="254,2582 254,2642 292,2642 292,2582"/>
                    <TextEquiv>
                        <Unicode>&amp;</Unicode>
                    </TextEquiv>
                </Word>
                <Word id="r_9_1l36_w2" custom="readingOrder {index:1;}">
                    <Coords points="309,2582 309,2642 508,2642 508,2582"/>
                    <TextEquiv>
                        <Unicode>pastinacae</Unicode>
                    </TextEquiv>
                </Word>
                <Word id="r_9_1l36_w3" custom="readingOrder {index:2;}">
                    <Coords points="525,2581 525,2641 679,2641 679,2581"/>
                    <TextEquiv>
                        <Unicode>marinae</Unicode>
                    </TextEquiv>
                </Word>
                <Word id="r_9_1l36_w4" custom="readingOrder {index:3;}">
                    <Coords points="696,2579 696,2639 834,2639 834,2579"/>
                    <TextEquiv>
                        <Unicode>ictibus</Unicode>
                    </TextEquiv>
                </Word>
                <Word id="r_9_1l36_w5" custom="readingOrder {index:4;}">
                    <Coords points="850,2578 850,2638 1049,2638 1049,2578"/>
                    <TextEquiv>
                        <Unicode>auxiliatur</Unicode>
                    </TextEquiv>
                </Word>
                <Word id="r_9_1l36_w6" custom="readingOrder {index:5;}">
                    <Coords points="1077,2578 1077,2638 1248,2638 1248,2578"/>
                    <TextEquiv>
                        <Unicode>Capillos</Unicode>
                    </TextEquiv>
                </Word>
                <TextEquiv>
                    <Unicode>&amp; pastinacae marinae ictibus auxiliatur. Capillos</Unicode>
                </TextEquiv>
            </TextLine>
            <TextLine id="r_9_1l37" custom="readingOrder {index:36;}">
                <Coords points="252,2695 1165,2684 1243,2673 1243,2629 251,2638"/>
                <Baseline points="264,2673 312,2673 360,2673 408,2673 457,2673 505,2673 553,2673 602,2672 650,2672 698,2672 747,2672 795,2670 843,2670 891,2670 940,2669 988,2669 1036,2669 1085,2669 1133,2669 1181,2669 1230,2669"/>
                <Word id="r_9_1l37_w1" custom="readingOrder {index:0;}">
                    <Coords points="251,2633 251,2693 444,2693 444,2633"/>
                    <TextEquiv>
                        <Unicode>denigrat,</Unicode>
                    </TextEquiv>
                </Word>
                <Word id="r_9_1l37_w2" custom="readingOrder {index:1;}">
                    <Coords points="455,2632 455,2692 658,2692 658,2632"/>
                    <TextEquiv>
                        <Unicode>vulnerum</Unicode>
                    </TextEquiv>
                </Word>
                <Word id="r_9_1l37_w3" custom="readingOrder {index:2;}">
                    <Coords points="675,2630 675,2690 895,2690 895,2630"/>
                    <TextEquiv>
                        <Unicode>sanguinem</Unicode>
                    </TextEquiv>
                </Word>
                <Word id="r_9_1l37_w4" custom="readingOrder {index:3;}">
                    <Coords points="911,2629 911,2689 1082,2689 1082,2629"/>
                    <TextEquiv>
                        <Unicode>cohibet,</Unicode>
                    </TextEquiv>
                </Word>
                <Word id="r_9_1l37_w5" custom="readingOrder {index:4;}">
                    <Coords points="1093,2629 1093,2689 1175,2689 1175,2629"/>
                    <TextEquiv>
                        <Unicode>tetra</Unicode>
                    </TextEquiv>
                </Word>
                <Word id="r_9_1l37_w6" custom="readingOrder {index:5;}">
                    <Coords points="1192,2629 1192,2689 1246,2689 1246,2629"/>
                    <TextEquiv>
                        <Unicode>ul¬</Unicode>
                    </TextEquiv>
                </Word>
                <TextEquiv>
                    <Unicode>denigrat, vulnerum sanguinem cohibet, tetra ul¬</Unicode>
                </TextEquiv>
            </TextLine>
            <TextLine id="r_9_1l38" custom="readingOrder {index:37;}">
                <Coords points="248,2734 1253,2736 1219,2677 248,2695"/>
                <Baseline points="260,2724 311,2724 363,2726 414,2726 466,2726 517,2724 569,2724 620,2723 672,2723 723,2721 775,2721 826,2721 878,2720 929,2720 981,2720 1032,2720 1084,2720 1135,2721 1187,2723 1239,2724"/>
                <Word id="r_9_1l38_w1" custom="readingOrder {index:0;}">
                    <Coords points="249,2684 249,2744 325,2744 325,2684"/>
                    <TextEquiv>
                        <Unicode>cera</Unicode>
                    </TextEquiv>
                </Word>
                <Word id="r_9_1l38_w2" custom="readingOrder {index:1;}">
                    <Coords points="349,2686 349,2746 496,2746 496,2686"/>
                    <TextEquiv>
                        <Unicode>purgat.</Unicode>
                    </TextEquiv>
                </Word>
                <Word id="r_9_1l38_w3" custom="readingOrder {index:2;}">
                    <Coords points="508,2683 508,2743 673,2743 673,2683"/>
                    <TextEquiv>
                        <Unicode>Testium</Unicode>
                    </TextEquiv>
                </Word>
                <Word id="r_9_1l38_w4" custom="readingOrder {index:3;}">
                    <Coords points="691,2681 691,2741 849,2741 849,2681"/>
                    <TextEquiv>
                        <Unicode>pruritus</Unicode>
                    </TextEquiv>
                </Word>
                <Word id="r_9_1l38_w5" custom="readingOrder {index:4;}">
                    <Coords points="868,2680 868,2740 1080,2740 1080,2680"/>
                    <TextEquiv>
                        <Unicode>sedantrami</Unicode>
                    </TextEquiv>
                </Word>
                <Word id="r_9_1l38_w6" custom="readingOrder {index:5;}">
                    <Coords points="1097,2682 1097,2742 1244,2742 1244,2682"/>
                    <TextEquiv>
                        <Unicode>foliaque,</Unicode>
                    </TextEquiv>
                </Word>
                <TextEquiv>
                    <Unicode>cera purgat. Testium pruritus sedantrami foliaque,</Unicode>
                </TextEquiv>
            </TextLine>
            <TextLine id="r_9_1l39" custom="readingOrder {index:38;}">
                <Coords points="249,2785 1243,2787 1243,2737 1170,2728 249,2736"/>
                <Baseline points="261,2775 309,2775 357,2775 406,2775 454,2774 503,2774 551,2774 600,2774 648,2774 697,2774 745,2772 793,2772 842,2772 890,2772 939,2772 987,2771 1036,2771 1084,2771 1133,2769 1181,2769 1230,2769"/>
                <Word id="r_9_1l39_w1" custom="readingOrder {index:0;}">
                    <Coords points="254,2735 254,2795 281,2795 281,2735"/>
                    <TextEquiv>
                        <Unicode>si</Unicode>
                    </TextEquiv>
                </Word>
                <Word id="r_9_1l39_w2" custom="readingOrder {index:1;}">
                    <Coords points="297,2735 297,2795 435,2795 435,2735"/>
                    <TextEquiv>
                        <Unicode>eorum</Unicode>
                    </TextEquiv>
                </Word>
                <Word id="r_9_1l39_w3" custom="readingOrder {index:2;}">
                    <Coords points="451,2734 451,2794 617,2794 617,2734"/>
                    <TextEquiv>
                        <Unicode>decocto</Unicode>
                    </TextEquiv>
                </Word>
                <Word id="r_9_1l39_w4" custom="readingOrder {index:3;}">
                    <Coords points="638,2734 638,2794 718,2794 718,2734"/>
                    <TextEquiv>
                        <Unicode>cum</Unicode>
                    </TextEquiv>
                </Word>
                <Word id="r_9_1l39_w5" custom="readingOrder {index:4;}">
                    <Coords points="729,2732 729,2792 820,2792 820,2732"/>
                    <TextEquiv>
                        <Unicode>vino</Unicode>
                    </TextEquiv>
                </Word>
                <Word id="r_9_1l39_w6" custom="readingOrder {index:5;}">
                    <Coords points="841,2731 841,2791 1055,2791 1055,2731"/>
                    <TextEquiv>
                        <Unicode>foveantur.</Unicode>
                    </TextEquiv>
                </Word>
                <Word id="r_9_1l39_w7" custom="readingOrder {index:6;}">
                    <Coords points="1071,2729 1071,2789 1241,2789 1241,2729"/>
                    <TextEquiv>
                        <Unicode>Nascitur</Unicode>
                    </TextEquiv>
                </Word>
                <TextEquiv>
                    <Unicode>si eorum decocto cum vino foveantur. Nascitur</Unicode>
                </TextEquiv>
            </TextLine>
            <TextLine id="r_9_1l40" custom="readingOrder {index:39;}">
                <Coords points="247,2835 1243,2836 1243,2787 1207,2779 247,2785"/>
                <Baseline points="260,2825 308,2826 357,2826 405,2826 454,2826 502,2826 551,2826 599,2826 648,2826 696,2825 745,2825 793,2825 842,2823 890,2823 939,2823 987,2823 1036,2822 1084,2822 1133,2821 1181,2820 1230,2820"/>
                <Word id="r_9_1l40_w1" custom="readingOrder {index:0;}">
                    <Coords points="248,2785 248,2845 281,2845 281,2785"/>
                    <TextEquiv>
                        <Unicode>in</Unicode>
                    </TextEquiv>
                </Word>
                <Word id="r_9_1l40_w2" custom="readingOrder {index:1;}">
                    <Coords points="298,2786 298,2846 394,2846 394,2786"/>
                    <TextEquiv>
                        <Unicode>locis</Unicode>
                    </TextEquiv>
                </Word>
                <Word id="r_9_1l40_w3" custom="readingOrder {index:2;}">
                    <Coords points="416,2786 416,2846 573,2846 573,2786"/>
                    <TextEquiv>
                        <Unicode>asperis,</Unicode>
                    </TextEquiv>
                </Word>
                <Word id="r_9_1l40_w4" custom="readingOrder {index:3;}">
                    <Coords points="584,2785 584,2845 736,2845 736,2785"/>
                    <TextEquiv>
                        <Unicode>incultis</Unicode>
                    </TextEquiv>
                </Word>
                <Word id="r_9_1l40_w5" custom="readingOrder {index:4;}">
                    <Coords points="758,2783 758,2843 977,2843 977,2783"/>
                    <TextEquiv>
                        <Unicode>montibus,</Unicode>
                    </TextEquiv>
                </Word>
                <Word id="r_9_1l40_w6" custom="readingOrder {index:5;}">
                    <Coords points="994,2782 994,2842 1028,2842 1028,2782"/>
                    <TextEquiv>
                        <Unicode>&amp;</Unicode>
                    </TextEquiv>
                </Word>
                <Word id="r_9_1l40_w7" custom="readingOrder {index:6;}">
                    <Coords points="1039,2781 1039,2841 1185,2841 1185,2781"/>
                    <TextEquiv>
                        <Unicode>ubique</Unicode>
                    </TextEquiv>
                </Word>
                <Word id="r_9_1l40_w8" custom="readingOrder {index:7;}">
                    <Coords points="1202,2780 1202,2840 1235,2840 1235,2780"/>
                    <TextEquiv>
                        <Unicode>in</Unicode>
                    </TextEquiv>
                </Word>
                <TextEquiv>
                    <Unicode>in locis asperis, incultis montibus, &amp; ubique in</Unicode>
                </TextEquiv>
            </TextLine>
            <TextLine id="r_9_1l41" custom="readingOrder {index:40;}">
                <Coords points="253,2887 1242,2895 1241,2833 1195,2828 253,2835"/>
                <Baseline points="267,2877 315,2877 363,2877 411,2877 459,2877 507,2877 555,2877 603,2877 651,2876 699,2876 748,2876 796,2876 844,2876 892,2874 940,2874 988,2874 1036,2873 1084,2873 1132,2872 1180,2871 1229,2870"/>
                <Word id="r_9_1l41_w1" custom="readingOrder {index:0;}">
                    <Coords points="260,2837 260,2897 397,2897 397,2837"/>
                    <TextEquiv>
                        <Unicode>hortis.</Unicode>
                    </TextEquiv>
                </Word>
                <Word id="r_9_1l41_w2" custom="readingOrder {index:1;}">
                    <Coords points="414,2837 414,2897 616,2897 616,2837"/>
                    <TextEquiv>
                        <Unicode>Colligitur</Unicode>
                    </TextEquiv>
                </Word>
                <Word id="r_9_1l41_w3" custom="readingOrder {index:2;}">
                    <Coords points="634,2836 634,2896 758,2896 758,2836"/>
                    <TextEquiv>
                        <Unicode>mense</Unicode>
                    </TextEquiv>
                </Word>
                <Word id="r_9_1l41_w4" custom="readingOrder {index:3;}">
                    <Coords points="782,2836 782,2896 877,2896 877,2836"/>
                    <TextEquiv>
                        <Unicode>Junii</Unicode>
                    </TextEquiv>
                </Word>
                <Word id="r_9_1l41_w5" custom="readingOrder {index:4;}">
                    <Coords points="901,2834 901,2894 930,2894 930,2834"/>
                    <TextEquiv>
                        <Unicode>&amp;</Unicode>
                    </TextEquiv>
                </Word>
                <Word id="r_9_1l41_w6" custom="readingOrder {index:5;}">
                    <Coords points="942,2833 942,2893 1043,2893 1043,2833"/>
                    <TextEquiv>
                        <Unicode>Julii,</Unicode>
                    </TextEquiv>
                </Word>
                <Word id="r_9_1l41_w7" custom="readingOrder {index:6;}">
                    <Coords points="1055,2832 1055,2892 1139,2892 1139,2832"/>
                    <TextEquiv>
                        <Unicode>cùm</Unicode>
                    </TextEquiv>
                </Word>
                <Word id="r_9_1l41_w8" custom="readingOrder {index:7;}">
                    <Coords points="1156,2830 1156,2890 1239,2890 1239,2830"/>
                    <TextEquiv>
                        <Unicode>pro¬</Unicode>
                    </TextEquiv>
                </Word>
                <TextEquiv>
                    <Unicode>hortis. Colligitur mense Junii &amp; Julii, cùm pro¬</Unicode>
                </TextEquiv>
            </TextLine>
            <TextLine id="r_9_1l42" custom="readingOrder {index:41;} textStyle {offset:36; length:7;italic:true;}">
                <Coords points="239,2962 338,2935 1150,2929 1150,2890 1072,2883 239,2884"/>
                <Baseline points="252,2928 296,2928 340,2928 384,2929 428,2930 473,2929 517,2928 561,2928 605,2928 649,2928 694,2927 738,2927 782,2927 826,2925 870,2925 915,2925 959,2924 1003,2924 1047,2924 1091,2924 1136,2922"/>
                <Word id="r_9_1l42_w1" custom="readingOrder {index:0;}">
                    <Coords points="245,2888 245,2948 325,2948 325,2888"/>
                    <TextEquiv>
                        <Unicode>fert</Unicode>
                    </TextEquiv>
                </Word>
                <Word id="r_9_1l42_w2" custom="readingOrder {index:1;}">
                    <Coords points="342,2889 342,2949 468,2949 468,2889"/>
                    <TextEquiv>
                        <Unicode>flores.</Unicode>
                    </TextEquiv>
                </Word>
                <Word id="r_9_1l42_w3" custom="readingOrder {index:2;}">
                    <Coords points="479,2888 479,2948 730,2948 730,2888"/>
                    <TextEquiv>
                        <Unicode>Conservatur</Unicode>
                    </TextEquiv>
                </Word>
                <Word id="r_9_1l42_w4" custom="readingOrder {index:3;}">
                    <Coords points="748,2887 748,2947 810,2947 810,2887"/>
                    <TextEquiv>
                        <Unicode>per</Unicode>
                    </TextEquiv>
                </Word>
                <Word id="r_9_1l42_w5" custom="readingOrder {index:4;}">
                    <Coords points="828,2885 828,2945 970,2945 970,2885"/>
                    <TextEquiv>
                        <Unicode>annum</Unicode>
                    </TextEquiv>
                </Word>
                <Word id="r_9_1l42_w6" custom="readingOrder {index:5;}">
                    <Coords points="999,2884 999,2944 1142,2944 1142,2884"/>
                    <TextEquiv>
                        <Unicode>Dioscor.</Unicode>
                    </TextEquiv>
                </Word>
                <TextEquiv>
                    <Unicode>fert flores. Conservatur per annum. Dioscor.</Unicode>
                </TextEquiv>
            </TextLine>
            <TextLine id="r_9_1l43" custom="readingOrder {index:42;}">
                <Coords points="293,2996 1228,3001 1248,2936 293,2944"/>
                <Baseline points="306,2979 352,2979 398,2979 445,2979 491,2979 538,2979 584,2979 631,2979 677,2978 724,2978 770,2978 816,2978 863,2978 909,2976 956,2976 1002,2976 1049,2976 1095,2976 1142,2975 1188,2975 1235,2975"/>
                <Word id="r_9_1l43_w1" custom="readingOrder {index:0;}">
                    <Coords points="299,2939 299,2999 596,2999 596,2939"/>
                    <TextEquiv>
                        <Unicode>SCABIOSA</Unicode>
                    </TextEquiv>
                </Word>
                <Word id="r_9_1l43_w2" custom="readingOrder {index:1;}">
                    <Coords points="624,2938 624,2998 764,2998 764,2938"/>
                    <TextEquiv>
                        <Unicode>constat</Unicode>
                    </TextEquiv>
                </Word>
                <Word id="r_9_1l43_w3" custom="readingOrder {index:2;}">
                    <Coords points="781,2938 781,2998 881,2998 881,2938"/>
                    <TextEquiv>
                        <Unicode>foliis</Unicode>
                    </TextEquiv>
                </Word>
                <Word id="r_9_1l43_w4" custom="readingOrder {index:3;}">
                    <Coords points="899,2936 899,2996 1094,2996 1094,2936"/>
                    <TextEquiv>
                        <Unicode>laciniatis,</Unicode>
                    </TextEquiv>
                </Word>
                <Word id="r_9_1l43_w5" custom="readingOrder {index:4;}">
                    <Coords points="1106,2935 1106,2995 1246,2995 1246,2935"/>
                    <TextEquiv>
                        <Unicode>subhir¬</Unicode>
                    </TextEquiv>
                </Word>
                <TextEquiv>
                    <Unicode>SCABIOSA constat foliis laciniatis, subhir¬</Unicode>
                </TextEquiv>
            </TextLine>
            <TextLine id="r_9_1l44" custom="readingOrder {index:43;}">
                <Coords points="238,3054 1245,3056 1245,2999 1162,2984 739,3008 345,2999 238,2963"/>
                <Baseline points="252,3029 301,3029 350,3029 399,3029 448,3029 497,3029 546,3029 595,3029 644,3029 693,3029 742,3029 791,3029 840,3029 889,3029 938,3029 987,3027 1036,3027 1085,3027 1134,3027 1183,3027 1233,3027"/>
                <Word id="r_9_1l44_w1" custom="readingOrder {index:0;}">
                    <Coords points="246,2989 246,3049 350,3049 350,2989"/>
                    <TextEquiv>
                        <Unicode>sutis:</Unicode>
                    </TextEquiv>
                </Word>
                <Word id="r_9_1l44_w2" custom="readingOrder {index:1;}">
                    <Coords points="362,2989 362,3049 528,3049 528,2989"/>
                    <TextEquiv>
                        <Unicode>caulibus</Unicode>
                    </TextEquiv>
                </Word>
                <Word id="r_9_1l44_w3" custom="readingOrder {index:2;}">
                    <Coords points="553,2989 553,3049 756,3049 756,2989"/>
                    <TextEquiv>
                        <Unicode>tenuibus,</Unicode>
                    </TextEquiv>
                </Word>
                <Word id="r_9_1l44_w4" custom="readingOrder {index:3;}">
                    <Coords points="775,2989 775,3049 922,3049 922,2989"/>
                    <TextEquiv>
                        <Unicode>cubitali</Unicode>
                    </TextEquiv>
                </Word>
                <Word id="r_9_1l44_w5" custom="readingOrder {index:4;}">
                    <Coords points="941,2987 941,3047 1162,3047 1162,2987"/>
                    <TextEquiv>
                        <Unicode>altitudine,</Unicode>
                    </TextEquiv>
                </Word>
                <Word id="r_9_1l44_w6" custom="readingOrder {index:5;}">
                    <Coords points="1175,2987 1175,3047 1255,3047 1255,2987"/>
                    <TextEquiv>
                        <Unicode>atque</Unicode>
                    </TextEquiv>
                </Word>
                <TextEquiv>
                    <Unicode>sutis: caulibus tenuibus, cubitali altitudine, atque</Unicode>
                </TextEquiv>
            </TextLine>
            <TextLine id="r_9_1l45" custom="readingOrder {index:44;}">
                <Coords points="238,3083 1250,3081 1182,3040 1034,3035 238,3054"/>
                <Baseline points="251,3080 300,3080 349,3080 398,3080 448,3080 497,3080 546,3080 595,3080 645,3080 694,3080 743,3080 792,3080 842,3080 891,3080 940,3080 989,3080 1039,3080 1088,3080 1137,3078 1186,3078 1236,3078"/>
                <Word id="r_9_1l45_w1" custom="readingOrder {index:0;}">
                    <Coords points="249,3040 249,3100 365,3100 365,3040"/>
                    <TextEquiv>
                        <Unicode>etiam</Unicode>
                    </TextEquiv>
                </Word>
                <Word id="r_9_1l45_w2" custom="readingOrder {index:1;}">
                    <Coords points="381,3040 381,3100 550,3100 550,3040"/>
                    <TextEquiv>
                        <Unicode>majore:</Unicode>
                    </TextEquiv>
                </Word>
                <Word id="r_9_1l45_w3" custom="readingOrder {index:2;}">
                    <Coords points="566,3040 566,3100 603,3100 603,3040"/>
                    <TextEquiv>
                        <Unicode>in</Unicode>
                    </TextEquiv>
                </Word>
                <Word id="r_9_1l45_w4" custom="readingOrder {index:3;}">
                    <Coords points="619,3040 619,3100 788,3100 788,3040"/>
                    <TextEquiv>
                        <Unicode>quorum</Unicode>
                    </TextEquiv>
                </Word>
                <Word id="r_9_1l45_w5" custom="readingOrder {index:4;}">
                    <Coords points="810,3040 810,3100 1005,3100 1005,3040"/>
                    <TextEquiv>
                        <Unicode>cacumine</Unicode>
                    </TextEquiv>
                </Word>
                <Word id="r_9_1l45_w6" custom="readingOrder {index:5;}">
                    <Coords points="1026,3040 1026,3100 1137,3100 1137,3040"/>
                    <TextEquiv>
                        <Unicode>flores</Unicode>
                    </TextEquiv>
                </Word>
                <Word id="r_9_1l45_w7" custom="readingOrder {index:6;}">
                    <Coords points="1158,3038 1158,3098 1254,3098 1254,3038"/>
                    <TextEquiv>
                        <Unicode>emi¬</Unicode>
                    </TextEquiv>
                </Word>
                <TextEquiv>
                    <Unicode>etiam majore: in quorum cacumine flores emi¬</Unicode>
                </TextEquiv>
            </TextLine>
            <TextLine id="r_9_1l46" custom="readingOrder {index:45;}">
                <Coords points="247,3140 1236,3149 1236,3110 1179,3087 247,3098"/>
                <Baseline points="261,3132 309,3132 357,3131 405,3131 453,3129 501,3129 549,3129 597,3129 645,3129 693,3129 742,3129 790,3130 838,3131 886,3131 934,3131 982,3131 1030,3131 1078,3129 1126,3129 1174,3129 1223,3128"/>
                <Word id="r_9_1l46_w1" custom="readingOrder {index:0;}">
                    <Coords points="248,3092 248,3152 332,3152 332,3092"/>
                    <TextEquiv>
                        <Unicode>cant</Unicode>
                    </TextEquiv>
                </Word>
                <Word id="r_9_1l46_w2" custom="readingOrder {index:1;}">
                    <Coords points="349,3091 349,3151 383,3151 383,3091"/>
                    <TextEquiv>
                        <Unicode>in</Unicode>
                    </TextEquiv>
                </Word>
                <Word id="r_9_1l46_w3" custom="readingOrder {index:2;}">
                    <Coords points="400,3089 400,3149 557,3149 557,3089"/>
                    <TextEquiv>
                        <Unicode>caeruleo</Unicode>
                    </TextEquiv>
                </Word>
                <Word id="r_9_1l46_w4" custom="readingOrder {index:3;}">
                    <Coords points="580,3089 580,3149 772,3149 772,3089"/>
                    <TextEquiv>
                        <Unicode>albicantes.</Unicode>
                    </TextEquiv>
                </Word>
                <Word id="r_9_1l46_w5" custom="readingOrder {index:4;}">
                    <Coords points="783,3090 783,3150 817,3150 817,3090"/>
                    <TextEquiv>
                        <Unicode>*</Unicode>
                    </TextEquiv>
                </Word>
                <Word id="r_9_1l46_w6" custom="readingOrder {index:5;}">
                    <Coords points="833,3091 833,3151 952,3151 952,3091"/>
                    <TextEquiv>
                        <Unicode>Pollet</Unicode>
                    </TextEquiv>
                </Word>
                <Word id="r_9_1l46_w7" custom="readingOrder {index:6;}">
                    <Coords points="969,3089 969,3149 1144,3149 1144,3089"/>
                    <TextEquiv>
                        <Unicode>adversus</Unicode>
                    </TextEquiv>
                </Word>
                <Word id="r_9_1l46_w8" custom="readingOrder {index:7;}">
                    <Coords points="1161,3088 1161,3148 1239,3148 1239,3088"/>
                    <TextEquiv>
                        <Unicode>sca¬</Unicode>
                    </TextEquiv>
                </Word>
                <TextEquiv>
                    <Unicode>cant in caeruleo albicantes. * Pollet adversus sca¬</Unicode>
                </TextEquiv>
            </TextLine>
            <TextLine id="r_9_1l47" custom="readingOrder {index:46;}">
                <Coords points="247,3192 1233,3191 1233,3146 1187,3139 247,3140"/>
                <Baseline points="260,3186 308,3185 356,3183 404,3183 452,3182 500,3182 548,3182 596,3182 644,3180 692,3180 740,3182 788,3182 836,3182 884,3182 932,3182 980,3182 1028,3182 1076,3182 1124,3183 1172,3183 1220,3183"/>
                <Word id="r_9_1l47_w1" custom="readingOrder {index:0;}">
                    <Coords points="247,3145 247,3205 363,3205 363,3145"/>
                    <TextEquiv>
                        <Unicode>biem,</Unicode>
                    </TextEquiv>
                </Word>
                <Word id="r_9_1l47_w2" custom="readingOrder {index:1;}">
                    <Coords points="374,3142 374,3202 577,3202 577,3142"/>
                    <TextEquiv>
                        <Unicode>decoctum</Unicode>
                    </TextEquiv>
                </Word>
                <Word id="r_9_1l47_w3" custom="readingOrder {index:2;}">
                    <Coords points="599,3140 599,3200 791,3200 791,3140"/>
                    <TextEquiv>
                        <Unicode>potatum.</Unicode>
                    </TextEquiv>
                </Word>
                <Word id="r_9_1l47_w4" custom="readingOrder {index:3;}">
                    <Coords points="803,3142 803,3202 956,3202 956,3142"/>
                    <TextEquiv>
                        <Unicode>Prodest</Unicode>
                    </TextEquiv>
                </Word>
                <Word id="r_9_1l47_w5" custom="readingOrder {index:4;}">
                    <Coords points="978,3142 978,3202 1154,3202 1154,3142"/>
                    <TextEquiv>
                        <Unicode>omnibus</Unicode>
                    </TextEquiv>
                </Word>
                <Word id="r_9_1l47_w6" custom="readingOrder {index:5;}">
                    <Coords points="1176,3143 1176,3203 1236,3203 1236,3143"/>
                    <TextEquiv>
                        <Unicode>pe¬</Unicode>
                    </TextEquiv>
                </Word>
                <TextEquiv>
                    <Unicode>biem, decoctum potatum. Prodest omnibus pe¬</Unicode>
                </TextEquiv>
            </TextLine>
            <TextLine id="r_9_1l48" custom="readingOrder {index:47;}">
                <Coords points="250,3246 1241,3255 1241,3206 1189,3196 250,3194"/>
                <Baseline points="263,3236 311,3236 359,3234 407,3234 456,3234 504,3234 552,3233 601,3233 649,3233 697,3233 746,3233 794,3233 842,3233 890,3233 939,3233 987,3233 1035,3233 1084,3233 1132,3234 1180,3234 1229,3236"/>
                <Word id="r_9_1l48_w1" custom="readingOrder {index:0;}">
                    <Coords points="251,3195 251,3255 372,3255 372,3195"/>
                    <TextEquiv>
                        <Unicode>ctoris</Unicode>
                    </TextEquiv>
                </Word>
                <Word id="r_9_1l48_w2" custom="readingOrder {index:1;}">
                    <Coords points="391,3194 391,3254 489,3254 489,3194"/>
                    <TextEquiv>
                        <Unicode>vitiis</Unicode>
                    </TextEquiv>
                </Word>
                <Word id="r_9_1l48_w3" custom="readingOrder {index:2;}">
                    <Coords points="506,3193 506,3253 547,3253 547,3193"/>
                    <TextEquiv>
                        <Unicode>&amp;</Unicode>
                    </TextEquiv>
                </Word>
                <Word id="r_9_1l48_w4" custom="readingOrder {index:3;}">
                    <Coords points="565,3193 565,3253 802,3253 802,3193"/>
                    <TextEquiv>
                        <Unicode>respirationi</Unicode>
                    </TextEquiv>
                </Word>
                <Word id="r_9_1l48_w5" custom="readingOrder {index:4;}">
                    <Coords points="826,3193 826,3253 1105,3253 1105,3193"/>
                    <TextEquiv>
                        <Unicode>inservientibus</Unicode>
                    </TextEquiv>
                </Word>
                <Word id="r_9_1l48_w6" custom="readingOrder {index:5;}">
                    <Coords points="1128,3194 1128,3254 1244,3254 1244,3194"/>
                    <TextEquiv>
                        <Unicode>orga¬</Unicode>
                    </TextEquiv>
                </Word>
                <TextEquiv>
                    <Unicode>ctoris vitiis &amp; respirationi inservientibus orga¬</Unicode>
                </TextEquiv>
            </TextLine>
            <TextLine id="r_9_1l49" custom="readingOrder {index:48;}">
                <Coords points="254,3293 1242,3311 1242,3254 1157,3241 254,3246"/>
                <Baseline points="267,3285 315,3285 363,3284 411,3284 459,3284 507,3284 555,3284 604,3284 652,3284 700,3284 748,3284 796,3285 844,3285 892,3285 941,3285 989,3285 1037,3285 1085,3284 1133,3284 1181,3284 1230,3284"/>
                <Word id="r_9_1l49_w1" custom="readingOrder {index:0;}">
                    <Coords points="255,3245 255,3305 334,3305 334,3245"/>
                    <TextEquiv>
                        <Unicode>nis:</Unicode>
                    </TextEquiv>
                </Word>
                <Word id="r_9_1l49_w2" custom="readingOrder {index:1;}">
                    <Coords points="352,3244 352,3304 541,3304 541,3244"/>
                    <TextEquiv>
                        <Unicode>siquidem</Unicode>
                    </TextEquiv>
                </Word>
                <Word id="r_9_1l49_w3" custom="readingOrder {index:2;}">
                    <Coords points="558,3244 558,3304 690,3304 690,3244"/>
                    <TextEquiv>
                        <Unicode>eorum</Unicode>
                    </TextEquiv>
                </Word>
                <Word id="r_9_1l49_w4" custom="readingOrder {index:3;}">
                    <Coords points="713,3245 713,3305 1045,3305 1045,3245"/>
                    <TextEquiv>
                        <Unicode>inflammationes</Unicode>
                    </TextEquiv>
                </Word>
                <Word id="r_9_1l49_w5" custom="readingOrder {index:4;}">
                    <Coords points="1068,3244 1068,3304 1245,3304 1245,3244"/>
                    <TextEquiv>
                        <Unicode>purulen¬</Unicode>
                    </TextEquiv>
                </Word>
                <TextEquiv>
                    <Unicode>nis: siquidem eorum inflammationes purulen¬</Unicode>
                </TextEquiv>
            </TextLine>
            <TextLine id="r_9_1l50" custom="readingOrder {index:49;}">
                <Coords points="245,3371 1252,3355 1252,3311 1207,3295 245,3298"/>
                <Baseline points="258,3336 307,3338 356,3338 405,3338 454,3339 503,3339 552,3339 601,3339 650,3339 699,3339 748,3339 797,3339 846,3339 895,3338 944,3338 993,3338 1042,3338 1091,3338 1140,3338 1189,3338 1239,3338"/>
                <Word id="r_9_1l50_w1" custom="readingOrder {index:0;}">
                    <Coords points="246,3296 246,3356 303,3356 303,3296"/>
                    <TextEquiv>
                        <Unicode>tas</Unicode>
                    </TextEquiv>
                </Word>
                <Word id="r_9_1l50_w2" custom="readingOrder {index:1;}">
                    <Coords points="326,3298 326,3358 469,3358 469,3298"/>
                    <TextEquiv>
                        <Unicode>disjicit,</Unicode>
                    </TextEquiv>
                </Word>
                <Word id="r_9_1l50_w3" custom="readingOrder {index:2;}">
                    <Coords points="481,3299 481,3359 515,3359 515,3299"/>
                    <TextEquiv>
                        <Unicode>&amp;</Unicode>
                    </TextEquiv>
                </Word>
                <Word id="r_9_1l50_w4" custom="readingOrder {index:3;}">
                    <Coords points="527,3299 527,3359 659,3359 659,3299"/>
                    <TextEquiv>
                        <Unicode>omnia</Unicode>
                    </TextEquiv>
                </Word>
                <Word id="r_9_1l50_w5" custom="readingOrder {index:4;}">
                    <Coords points="676,3299 676,3359 836,3359 836,3299"/>
                    <TextEquiv>
                        <Unicode>pectoris</Unicode>
                    </TextEquiv>
                </Word>
                <Word id="r_9_1l50_w6" custom="readingOrder {index:5;}">
                    <Coords points="854,3298 854,3358 1089,3358 1089,3298"/>
                    <TextEquiv>
                        <Unicode>excrementa</Unicode>
                    </TextEquiv>
                </Word>
                <Word id="r_9_1l50_w7" custom="readingOrder {index:6;}">
                    <Coords points="1112,3298 1112,3358 1244,3358 1244,3298"/>
                    <TextEquiv>
                        <Unicode>expur¬</Unicode>
                    </TextEquiv>
                </Word>
                <TextEquiv>
                    <Unicode>tas disjicit, &amp; omnia pectoris excrementa expur¬</Unicode>
                </TextEquiv>
            </TextLine>
            <TextEquiv>
                <Unicode></Unicode>
            </TextEquiv>
        </TextRegion>
        <TextRegion orientation="0.0" type="paragraph" id="r_7_1" custom="readingOrder {index:5;} structure {type:paragraph;}">
            <Coords points="1310,156 2325,156 2325,805 1310,805"/>
            <TextLine id="l" custom="readingOrder {index:0;}">
                <Coords points="1243,142 2153,125 2325,138 2326,203 1243,225"/>
                <Baseline points="1243,205 1274,204 1378,201 1482,200 1585,198 1689,197 1793,195 1897,195 2000,194 2104,192 2208,192 2312,192"/>
                <TextEquiv>
                    <Unicode>[A] gat. Anthracibus, sive carbunculis pestiferis uti¬</Unicode>
                </TextEquiv>
            </TextLine>
            <TextLine id="r_4_1l2" custom="readingOrder {index:1;}">
                <Coords points="1309,265 2321,276 2302,201 1308,210"/>
                <Baseline points="1322,251 1371,252 1420,252 1469,252 1519,252 1568,251 1617,251 1666,251 1716,249 1765,248 1814,248 1863,246 1913,246 1962,245 2011,245 2060,243 2110,243 2159,243 2208,243 2257,243 2307,245"/>
                <Word id="r_4_1l2_w1" custom="readingOrder {index:0;}">
                    <Coords points="1309,211 1309,271 1387,271 1387,211"/>
                    <TextEquiv>
                        <Unicode>liter</Unicode>
                    </TextEquiv>
                </Word>
                <Word id="r_4_1l2_w2" custom="readingOrder {index:1;}">
                    <Coords points="1405,212 1405,272 1573,272 1573,212"/>
                    <TextEquiv>
                        <Unicode>illinitur:</Unicode>
                    </TextEquiv>
                </Word>
                <Word id="r_4_1l2_w3" custom="readingOrder {index:2;}">
                    <Coords points="1585,211 1585,271 1682,271 1682,211"/>
                    <TextEquiv>
                        <Unicode>adeò</Unicode>
                    </TextEquiv>
                </Word>
                <Word id="r_4_1l2_w4" custom="readingOrder {index:3;}">
                    <Coords points="1700,208 1700,268 1735,268 1735,208"/>
                    <TextEquiv>
                        <Unicode>ut</Unicode>
                    </TextEquiv>
                </Word>
                <Word id="r_4_1l2_w5" custom="readingOrder {index:4;}">
                    <Coords points="1753,208 1753,268 1837,268 1837,208"/>
                    <TextEquiv>
                        <Unicode>illita</Unicode>
                    </TextEquiv>
                </Word>
                <Word id="r_4_1l2_w6" custom="readingOrder {index:5;}">
                    <Coords points="1861,206 1861,266 1934,266 1934,206"/>
                    <TextEquiv>
                        <Unicode>hos</Unicode>
                    </TextEquiv>
                </Word>
                <Word id="r_4_1l2_w7" custom="readingOrder {index:6;}">
                    <Coords points="1952,204 1952,264 2108,264 2108,204"/>
                    <TextEquiv>
                        <Unicode>lethales</Unicode>
                    </TextEquiv>
                </Word>
                <Word id="r_4_1l2_w8" custom="readingOrder {index:7;}">
                    <Coords points="2132,203 2132,263 2312,263 2312,203"/>
                    <TextEquiv>
                        <Unicode>abscessus</Unicode>
                    </TextEquiv>
                </Word>
                <TextEquiv>
                    <Unicode>liter illinitur: adeò ut illita hos lethales abscessus</Unicode>
                </TextEquiv>
            </TextLine>
            <TextLine id="r_7_1l1" custom="readingOrder {index:2;}">
                <Coords points="1303,319 2326,324 2325,254 1303,269"/>
                <Baseline points="1317,305 1366,305 1416,303 1466,303 1516,303 1566,303 1615,302 1665,302 1715,300 1765,300 1815,299 1864,299 1914,297 1964,297 2014,297 2064,296 2113,296 2163,296 2213,296 2263,296 2313,297"/>
                <Word id="r_7_1l1_w1" custom="readingOrder {index:0;}">
                    <Coords points="1304,265 1304,325 1420,325 1420,265"/>
                    <TextEquiv>
                        <Unicode>trium</Unicode>
                    </TextEquiv>
                </Word>
                <Word id="r_7_1l1_w2" custom="readingOrder {index:1;}">
                    <Coords points="1437,263 1437,323 1623,323 1623,263"/>
                    <TextEquiv>
                        <Unicode>horarum</Unicode>
                    </TextEquiv>
                </Word>
                <Word id="r_7_1l1_w3" custom="readingOrder {index:2;}">
                    <Coords points="1640,260 1640,320 1767,320 1767,260"/>
                    <TextEquiv>
                        <Unicode>spacio</Unicode>
                    </TextEquiv>
                </Word>
                <Word id="r_7_1l1_w4" custom="readingOrder {index:3;}">
                    <Coords points="1791,259 1791,319 1936,319 1936,259"/>
                    <TextEquiv>
                        <Unicode>prorsus</Unicode>
                    </TextEquiv>
                </Word>
                <Word id="r_7_1l1_w5" custom="readingOrder {index:4;}">
                    <Coords points="1959,256 1959,316 2109,316 2109,256"/>
                    <TextEquiv>
                        <Unicode>abolere</Unicode>
                    </TextEquiv>
                </Word>
                <Word id="r_7_1l1_w6" custom="readingOrder {index:5;}">
                    <Coords points="2132,256 2132,316 2323,316 2323,256"/>
                    <TextEquiv>
                        <Unicode>existime¬</Unicode>
                    </TextEquiv>
                </Word>
                <TextEquiv>
                    <Unicode>trium horarum spacio prorsus abolere existime¬</Unicode>
                </TextEquiv>
            </TextLine>
            <TextLine id="r_7_1l2" custom="readingOrder {index:3;}">
                <Coords points="1299,375 2311,371 2310,301 1299,318"/>
                <Baseline points="1313,356 1362,356 1411,356 1460,356 1509,356 1559,354 1608,354 1657,354 1706,353 1755,353 1805,351 1854,351 1903,351 1952,350 2001,350 2051,348 2100,348 2149,348 2198,347 2247,347 2297,347"/>
                <Word id="r_7_1l2_w1" custom="readingOrder {index:0;}">
                    <Coords points="1301,316 1301,376 1373,376 1373,316"/>
                    <TextEquiv>
                        <Unicode>tur</Unicode>
                    </TextEquiv>
                </Word>
                <Word id="r_7_1l2_w2" custom="readingOrder {index:1;}">
                    <Coords points="1397,316 1397,376 1568,376 1568,316"/>
                    <TextEquiv>
                        <Unicode>Nascitur</Unicode>
                    </TextEquiv>
                </Word>
                <Word id="r_7_1l2_w3" custom="readingOrder {index:2;}">
                    <Coords points="1586,314 1586,374 1616,374 1616,314"/>
                    <TextEquiv>
                        <Unicode>in</Unicode>
                    </TextEquiv>
                </Word>
                <Word id="r_7_1l2_w4" custom="readingOrder {index:3;}">
                    <Coords points="1634,312 1634,372 1919,372 1919,312"/>
                    <TextEquiv>
                        <Unicode>campestribus,</Unicode>
                    </TextEquiv>
                </Word>
                <Word id="r_7_1l2_w5" custom="readingOrder {index:4;}">
                    <Coords points="1931,310 1931,370 1968,370 1968,310"/>
                    <TextEquiv>
                        <Unicode>&amp;</Unicode>
                    </TextEquiv>
                </Word>
                <Word id="r_7_1l2_w6" custom="readingOrder {index:5;}">
                    <Coords points="1986,308 1986,368 2114,368 2114,308"/>
                    <TextEquiv>
                        <Unicode>pratis.</Unicode>
                    </TextEquiv>
                </Word>
                <Word id="r_7_1l2_w7" custom="readingOrder {index:6;}">
                    <Coords points="2144,307 2144,367 2314,367 2314,307"/>
                    <TextEquiv>
                        <Unicode>Colligi¬</Unicode>
                    </TextEquiv>
                </Word>
                <TextEquiv>
                    <Unicode>tur Nascitur in campestribus, &amp; pratis. Colligi¬</Unicode>
                </TextEquiv>
            </TextLine>
            <TextLine id="r_7_1l3" custom="readingOrder {index:4;} textStyle {offset:37; length:11;italic:true;}">
                <Coords points="1302,414 2322,426 2293,356 1302,372"/>
                <Baseline points="1314,407 1363,407 1413,407 1463,408 1513,407 1562,407 1612,407 1662,405 1712,405 1761,404 1811,403 1861,402 1911,401 1960,401 2010,399 2060,399 2110,399 2159,399 2209,399 2259,399 2309,401"/>
                <Word id="r_7_1l3_w1" custom="readingOrder {index:0;}">
                    <Coords points="1308,367 1308,427 1368,427 1368,367"/>
                    <TextEquiv>
                        <Unicode>tur</Unicode>
                    </TextEquiv>
                </Word>
                <Word id="r_7_1l3_w2" custom="readingOrder {index:1;}">
                    <Coords points="1385,367 1385,427 1506,427 1506,367"/>
                    <TextEquiv>
                        <Unicode>mense</Unicode>
                    </TextEquiv>
                </Word>
                <Word id="r_7_1l3_w3" custom="readingOrder {index:2;}">
                    <Coords points="1533,367 1533,427 1644,427 1644,367"/>
                    <TextEquiv>
                        <Unicode>Junii.</Unicode>
                    </TextEquiv>
                </Word>
                <Word id="r_7_1l3_w4" custom="readingOrder {index:3;}">
                    <Coords points="1655,364 1655,424 1825,424 1825,364"/>
                    <TextEquiv>
                        <Unicode>Servatur</Unicode>
                    </TextEquiv>
                </Word>
                <Word id="r_7_1l3_w5" custom="readingOrder {index:4;}">
                    <Coords points="1842,361 1842,421 1902,421 1902,361"/>
                    <TextEquiv>
                        <Unicode>per</Unicode>
                    </TextEquiv>
                </Word>
                <Word id="r_7_1l3_w6" custom="readingOrder {index:5;}">
                    <Coords points="1919,359 1919,419 2084,419 2084,359"/>
                    <TextEquiv>
                        <Unicode>annum.</Unicode>
                    </TextEquiv>
                </Word>
                <Word id="r_7_1l3_w7" custom="readingOrder {index:6;}">
                    <Coords points="2095,359 2095,419 2320,419 2320,359"/>
                    <TextEquiv>
                        <Unicode>Matthiolus.</Unicode>
                    </TextEquiv>
                </Word>
                <TextEquiv>
                    <Unicode>tur mense Junii. Servatur per annum. Matthiolus.</Unicode>
                </TextEquiv>
            </TextLine>
            <TextLine id="r_7_1l4" custom="readingOrder {index:5;} textStyle {offset:16; length:27;italic:true;}">
                <Coords points="1350,470 2318,475 2317,423 2166,406 1349,423"/>
                <Baseline points="1362,456 1409,458 1456,458 1503,458 1550,458 1597,458 1644,458 1691,456 1738,456 1785,455 1833,454 1880,453 1927,452 1974,452 2021,450 2068,450 2115,450 2162,450 2209,450 2256,450 2304,452"/>
                <Word id="r_7_1l4_w1" custom="readingOrder {index:0;}">
                    <Coords points="1356,418 1356,478 1616,478 1616,418"/>
                    <TextEquiv>
                        <Unicode>SCORDIUM</Unicode>
                    </TextEquiv>
                </Word>
                <Word id="r_7_1l4_w2" custom="readingOrder {index:1;}">
                    <Coords points="1634,416 1634,476 1776,476 1776,416"/>
                    <TextEquiv>
                        <Unicode>(Germ.</Unicode>
                    </TextEquiv>
                </Word>
                <Word id="r_7_1l4_w3" custom="readingOrder {index:2;}">
                    <Coords points="1789,414 1789,474 1853,474 1853,414"/>
                    <TextEquiv>
                        <Unicode>Lacd</Unicode>
                    </TextEquiv>
                </Word>
                <Word id="r_7_1l4_w4" custom="readingOrder {index:3;}">
                    <Coords points="1871,411 1871,471 2084,471 2084,411"/>
                    <TextEquiv>
                        <Unicode>entnoblauch</Unicode>
                    </TextEquiv>
                </Word>
                <Word id="r_7_1l4_w5" custom="readingOrder {index:4;}">
                    <Coords points="2096,410 2096,470 2108,470 2108,410"/>
                    <TextEquiv>
                        <Unicode>/</Unicode>
                    </TextEquiv>
                </Word>
                <Word id="r_7_1l4_w6" custom="readingOrder {index:5;}">
                    <Coords points="2120,410 2120,470 2315,470 2315,410"/>
                    <TextEquiv>
                        <Unicode>Wasserba¬</Unicode>
                    </TextEquiv>
                </Word>
                <TextEquiv>
                    <Unicode>SCORDIUM (Germ. Lachenknoblauch / Wasserba¬</Unicode>
                </TextEquiv>
            </TextLine>
            <TextLine id="r_7_1l5" custom="readingOrder {index:6;} textStyle {offset:0; length:6;italic:true;} textStyle {offset:14; length:8;italic:true;} unclear {offset:39; length:2;}">
                <Coords points="1310,516 2293,528 2314,471 1309,471"/>
                <Baseline points="1323,509 1371,509 1420,509 1469,510 1518,510 1567,509 1616,509 1665,509 1714,507 1763,507 1812,506 1860,506 1909,504 1958,504 2007,504 2056,503 2105,503 2154,503 2203,503 2252,504 2301,504"/>
                <Word id="r_7_1l5_w1" custom="readingOrder {index:0;}">
                    <Coords points="1311,469 1311,529 1443,529 1443,469"/>
                    <TextEquiv>
                        <Unicode>thenig.</Unicode>
                    </TextEquiv>
                </Word>
                <Word id="r_7_1l5_w2" custom="readingOrder {index:1;}">
                    <Coords points="1456,470 1456,530 1553,530 1553,470"/>
                    <TextEquiv>
                        <Unicode>Gall.</Unicode>
                    </TextEquiv>
                </Word>
                <Word id="r_7_1l5_w3" custom="readingOrder {index:2;}">
                    <Coords points="1565,469 1565,529 1728,529 1728,469"/>
                    <TextEquiv>
                        <Unicode>Scordeon.</Unicode>
                    </TextEquiv>
                </Word>
                <Word id="r_7_1l5_w4" custom="readingOrder {index:3;}">
                    <Coords points="1741,466 1741,526 1826,526 1826,466"/>
                    <TextEquiv>
                        <Unicode>Ital.</Unicode>
                    </TextEquiv>
                </Word>
                <Word id="r_7_1l5_w5" custom="readingOrder {index:4;}">
                    <Coords points="1838,466 1838,526 1874,526 1874,466"/>
                    <TextEquiv>
                        <Unicode>&amp;</Unicode>
                    </TextEquiv>
                </Word>
                <Word id="r_7_1l5_w6" custom="readingOrder {index:5;}">
                    <Coords points="1887,464 1887,524 1989,524 1989,464"/>
                    <TextEquiv>
                        <Unicode>Hisp.</Unicode>
                    </TextEquiv>
                </Word>
                <Word id="r_7_1l5_w7" custom="readingOrder {index:6;}">
                    <Coords points="1995,463 1995,523 2159,523 2159,463"/>
                    <TextEquiv>
                        <Unicode>Scy.dio.)</Unicode>
                    </TextEquiv>
                </Word>
                <Word id="r_7_1l5_w8" custom="readingOrder {index:7;}">
                    <Coords points="2178,463 2178,523 2305,523 2305,463"/>
                    <TextEquiv>
                        <Unicode>planta</Unicode>
                    </TextEquiv>
                </Word>
                <TextEquiv>
                    <Unicode>thenig. Gall. Scordeon. Ital. &amp; Hisp. Scdio.) planta</Unicode>
                </TextEquiv>
            </TextLine>
            <TextLine id="r_7_1l6" custom="readingOrder {index:7;}">
                <Coords points="1305,567 2322,579 2322,535 2267,512 1305,513"/>
                <Baseline points="1319,560 1368,560 1418,561 1467,561 1517,561 1566,561 1616,560 1665,560 1715,558 1764,558 1814,557 1864,557 1913,555 1963,555 2012,554 2062,554 2111,554 2161,554 2210,554 2260,555 2310,557"/>
                <Word id="r_7_1l6_w1" custom="readingOrder {index:0;}">
                    <Coords points="1306,520 1306,580 1529,580 1529,520"/>
                    <TextEquiv>
                        <Unicode>chamaedry</Unicode>
                    </TextEquiv>
                </Word>
                <Word id="r_7_1l6_w2" custom="readingOrder {index:1;}">
                    <Coords points="1553,520 1553,580 1698,580 1698,520"/>
                    <TextEquiv>
                        <Unicode>similis,</Unicode>
                    </TextEquiv>
                </Word>
                <Word id="r_7_1l6_w3" custom="readingOrder {index:2;}">
                    <Coords points="1710,517 1710,577 1831,577 1831,517"/>
                    <TextEquiv>
                        <Unicode>hodie</Unicode>
                    </TextEquiv>
                </Word>
                <Word id="r_7_1l6_w4" custom="readingOrder {index:3;}">
                    <Coords points="1855,515 1855,575 2024,575 2024,515"/>
                    <TextEquiv>
                        <Unicode>cognita.</Unicode>
                    </TextEquiv>
                </Word>
                <Word id="r_7_1l6_w5" custom="readingOrder {index:4;}">
                    <Coords points="2048,514 2048,574 2168,574 2168,514"/>
                    <TextEquiv>
                        <Unicode>Hajus</Unicode>
                    </TextEquiv>
                </Word>
                <Word id="r_7_1l6_w6" custom="readingOrder {index:5;}">
                    <Coords points="2186,514 2186,574 2222,574 2222,514"/>
                    <TextEquiv>
                        <Unicode>in</Unicode>
                    </TextEquiv>
                </Word>
                <Word id="r_7_1l6_w7" custom="readingOrder {index:6;}">
                    <Coords points="2235,515 2235,575 2319,575 2319,515"/>
                    <TextEquiv>
                        <Unicode>me¬</Unicode>
                    </TextEquiv>
                </Word>
                <TextEquiv>
                    <Unicode>chamaedry similis, hodie cognita. Hajus in me¬</Unicode>
                </TextEquiv>
            </TextLine>
            <TextLine id="r_7_1l7" custom="readingOrder {index:8;}">
                <Coords points="1300,614 2310,626 2309,561 1300,562"/>
                <Baseline points="1314,609 1363,611 1412,612 1461,612 1510,612 1559,612 1608,612 1658,611 1707,611 1756,611 1805,609 1854,609 1903,608 1952,608 2002,606 2051,606 2100,605 2149,605 2198,605 2247,605 2297,605"/>
                <Word id="r_7_1l7_w1" custom="readingOrder {index:0;}">
                    <Coords points="1307,571 1307,631 1427,631 1427,571"/>
                    <TextEquiv>
                        <Unicode>dicina</Unicode>
                    </TextEquiv>
                </Word>
                <Word id="r_7_1l7_w2" custom="readingOrder {index:1;}">
                    <Coords points="1452,572 1452,632 1530,632 1530,572"/>
                    <TextEquiv>
                        <Unicode>usus</Unicode>
                    </TextEquiv>
                </Word>
                <Word id="r_7_1l7_w3" custom="readingOrder {index:2;}">
                    <Coords points="1554,572 1554,632 1621,632 1621,572"/>
                    <TextEquiv>
                        <Unicode>esse</Unicode>
                    </TextEquiv>
                </Word>
                <Word id="r_7_1l7_w4" custom="readingOrder {index:3;}">
                    <Coords points="1645,571 1645,631 1765,631 1765,571"/>
                    <TextEquiv>
                        <Unicode>debet,</Unicode>
                    </TextEquiv>
                </Word>
                <Word id="r_7_1l7_w5" custom="readingOrder {index:4;}">
                    <Coords points="1777,569 1777,629 1856,629 1856,569"/>
                    <TextEquiv>
                        <Unicode>non</Unicode>
                    </TextEquiv>
                </Word>
                <Word id="r_7_1l7_w6" custom="readingOrder {index:5;}">
                    <Coords points="1873,568 1873,628 1946,628 1946,568"/>
                    <TextEquiv>
                        <Unicode>allii</Unicode>
                    </TextEquiv>
                </Word>
                <Word id="r_7_1l7_w7" custom="readingOrder {index:6;}">
                    <Coords points="1964,565 1964,625 2163,625 2163,565"/>
                    <TextEquiv>
                        <Unicode>sylvestris.</Unicode>
                    </TextEquiv>
                </Word>
                <Word id="r_7_1l7_w8" custom="readingOrder {index:7;}">
                    <Coords points="2169,565 2169,625 2193,625 2193,565"/>
                    <TextEquiv>
                        <Unicode>*</Unicode>
                    </TextEquiv>
                </Word>
                <Word id="r_7_1l7_w9" custom="readingOrder {index:8;}">
                    <Coords points="2211,565 2211,625 2313,625 2313,565"/>
                    <TextEquiv>
                        <Unicode>Her¬</Unicode>
                    </TextEquiv>
                </Word>
                <TextEquiv>
                    <Unicode>dicina usus esse debet, non allii sylvestris. * Her¬</Unicode>
                </TextEquiv>
            </TextLine>
            <TextLine id="r_7_1l8" custom="readingOrder {index:9;}">
                <Coords points="1312,682 2309,674 2275,615 1312,620"/>
                <Baseline points="1326,663 1374,663 1423,665 1471,665 1520,665 1568,665 1617,665 1665,665 1714,663 1762,662 1811,662 1860,660 1908,660 1957,659 2005,658 2054,657 2102,657 2151,657 2199,657 2248,657 2297,659"/>
                <Word id="r_7_1l8_w1" custom="readingOrder {index:0;}">
                    <Coords points="1313,623 1313,683 1362,683 1362,623"/>
                    <TextEquiv>
                        <Unicode>ba</Unicode>
                    </TextEquiv>
                </Word>
                <Word id="r_7_1l8_w2" custom="readingOrder {index:1;}">
                    <Coords points="1379,624 1379,684 1457,684 1457,624"/>
                    <TextEquiv>
                        <Unicode>vim</Unicode>
                    </TextEquiv>
                </Word>
                <Word id="r_7_1l8_w3" custom="readingOrder {index:2;}">
                    <Coords points="1474,625 1474,685 1779,685 1779,625"/>
                    <TextEquiv>
                        <Unicode>excalfactoriam</Unicode>
                    </TextEquiv>
                </Word>
                <Word id="r_7_1l8_w4" custom="readingOrder {index:3;}">
                    <Coords points="1801,620 1801,680 1924,680 1924,620"/>
                    <TextEquiv>
                        <Unicode>habet:</Unicode>
                    </TextEquiv>
                </Word>
                <Word id="r_7_1l8_w5" custom="readingOrder {index:4;}">
                    <Coords points="1940,617 1940,677 2090,677 2090,617"/>
                    <TextEquiv>
                        <Unicode>urinam</Unicode>
                    </TextEquiv>
                </Word>
                <Word id="r_7_1l8_w6" custom="readingOrder {index:5;}">
                    <Coords points="2107,617 2107,677 2168,677 2168,617"/>
                    <TextEquiv>
                        <Unicode>cit.</Unicode>
                    </TextEquiv>
                </Word>
                <Word id="r_7_1l8_w7" custom="readingOrder {index:6;}">
                    <Coords points="2185,617 2185,677 2307,677 2307,617"/>
                    <TextEquiv>
                        <Unicode>Cocta</Unicode>
                    </TextEquiv>
                </Word>
                <TextEquiv>
                    <Unicode>ba vim excalfactoriam habet: urinam cit. Cocta</Unicode>
                </TextEquiv>
            </TextLine>
            <TextLine id="r_7_1l9" custom="readingOrder {index:10;}">
                <Coords points="1309,725 2265,734 2324,721 2324,664 1309,678"/>
                <Baseline points="1322,716 1371,716 1420,716 1470,716 1519,716 1569,716 1618,716 1667,716 1717,714 1766,714 1816,713 1865,713 1914,713 1964,711 2013,711 2063,710 2112,710 2161,710 2211,710 2260,708 2310,708"/>
                <Word id="r_7_1l9_w1" custom="readingOrder {index:0;}">
                    <Coords points="1316,676 1316,736 1470,736 1470,676"/>
                    <TextEquiv>
                        <Unicode>recens,</Unicode>
                    </TextEquiv>
                </Word>
                <Word id="r_7_1l9_w2" custom="readingOrder {index:1;}">
                    <Coords points="1481,676 1481,736 1635,736 1635,676"/>
                    <TextEquiv>
                        <Unicode>aridáve</Unicode>
                    </TextEquiv>
                </Word>
                <Word id="r_7_1l9_w3" custom="readingOrder {index:2;}">
                    <Coords points="1659,674 1659,734 1744,734 1744,674"/>
                    <TextEquiv>
                        <Unicode>cum</Unicode>
                    </TextEquiv>
                </Word>
                <Word id="r_7_1l9_w4" custom="readingOrder {index:3;}">
                    <Coords points="1767,673 1767,733 1882,733 1882,673"/>
                    <TextEquiv>
                        <Unicode>vino,</Unicode>
                    </TextEquiv>
                </Word>
                <Word id="r_7_1l9_w5" custom="readingOrder {index:4;}">
                    <Coords points="1904,671 1904,731 2081,731 2081,671"/>
                    <TextEquiv>
                        <Unicode>adversus</Unicode>
                    </TextEquiv>
                </Word>
                <Word id="r_7_1l9_w6" custom="readingOrder {index:5;}">
                    <Coords points="2098,670 2098,730 2310,730 2310,670"/>
                    <TextEquiv>
                        <Unicode>venenatos</Unicode>
                    </TextEquiv>
                </Word>
                <TextEquiv>
                    <Unicode>[B] recens, aridáve cum vino, adversus venenatos</Unicode>
                </TextEquiv>
            </TextLine>
            <TextLine id="l_2" custom="readingOrder {index:11;}">
                <Coords points="1261,730 2113,714 2316,784 1261,792"/>
                <Baseline points="1261,769 1282,769 1384,768 1486,767 1588,766 1690,765 1792,764 1894,764 1996,762 2098,762 2200,762 2303,762"/>
                <TextEquiv>
                    <Unicode>serpentium morsus bibitur: ad stomachi quoque</Unicode>
                </TextEquiv>
            </TextLine>
            <TextEquiv>
                <Unicode></Unicode>
            </TextEquiv>
        </TextRegion>
        <TextRegion orientation="0.0" type="paragraph" id="r_10_1" custom="readingOrder {index:6;} structure {type:paragraph;}">
            <Coords points="1251,772 2339,772 2339,3416 1251,3416"/>
            <TextLine id="r_8_1l2" custom="readingOrder {index:0;}">
                <Coords points="1300,824 2322,843 2322,784 2252,769 1300,793"/>
                <Baseline points="1313,818 1362,818 1412,819 1462,819 1512,819 1562,819 1611,818 1661,818 1711,818 1761,816 1811,816 1860,815 1910,815 1960,814 2010,813 2060,813 2109,812 2159,812 2209,812 2259,812 2309,812"/>
                <Word id="r_8_1l2_w1" custom="readingOrder {index:0;}">
                    <Coords points="1301,778 1301,838 1492,838 1492,778"/>
                    <TextEquiv>
                        <Unicode>rosiones,</Unicode>
                    </TextEquiv>
                </Word>
                <Word id="r_8_1l2_w2" custom="readingOrder {index:1;}">
                    <Coords points="1503,778 1503,838 1769,838 1769,778"/>
                    <TextEquiv>
                        <Unicode>dysenteriam,</Unicode>
                    </TextEquiv>
                </Word>
                <Word id="r_8_1l2_w3" custom="readingOrder {index:2;}">
                    <Coords points="1781,776 1781,836 1816,836 1816,776"/>
                    <TextEquiv>
                        <Unicode>&amp;</Unicode>
                    </TextEquiv>
                </Word>
                <Word id="r_8_1l2_w4" custom="readingOrder {index:3;}">
                    <Coords points="1828,775 1828,835 1937,835 1937,775"/>
                    <TextEquiv>
                        <Unicode>urinę</Unicode>
                    </TextEquiv>
                </Word>
                <Word id="r_8_1l2_w5" custom="readingOrder {index:4;}">
                    <Coords points="1955,772 1955,832 2239,832 2239,772"/>
                    <TextEquiv>
                        <Unicode>difficultatem,</Unicode>
                    </TextEquiv>
                </Word>
                <Word id="r_8_1l2_w6" custom="readingOrder {index:5;}">
                    <Coords points="2250,772 2250,832 2308,832 2308,772"/>
                    <TextEquiv>
                        <Unicode>bi¬</Unicode>
                    </TextEquiv>
                </Word>
                <TextEquiv>
                    <Unicode>rosiones, dysenteriam, &amp; urinę difficultatem, bi¬</Unicode>
                </TextEquiv>
            </TextLine>
            <TextLine id="r_10_1l1" custom="readingOrder {index:1;}">
                <Coords points="1300,877 2179,890 2319,879 2319,840 1299,835"/>
                <Baseline points="1313,869 1362,869 1412,869 1461,870 1511,870 1561,870 1610,870 1660,869 1710,869 1759,869 1809,867 1859,867 1908,866 1958,866 2008,866 2057,864 2107,864 2157,864 2206,863 2256,863 2306,863"/>
                <Word id="r_10_1l1_w1" custom="readingOrder {index:0;}">
                    <Coords points="1305,829 1305,889 1366,889 1366,829"/>
                    <TextEquiv>
                        <Unicode>nis</Unicode>
                    </TextEquiv>
                </Word>
                <Word id="r_10_1l1_w2" custom="readingOrder {index:1;}">
                    <Coords points="1383,830 1383,890 1577,890 1577,830"/>
                    <TextEquiv>
                        <Unicode>drachmis</Unicode>
                    </TextEquiv>
                </Word>
                <Word id="r_10_1l1_w3" custom="readingOrder {index:2;}">
                    <Coords points="1600,829 1600,889 1683,889 1683,829"/>
                    <TextEquiv>
                        <Unicode>cum</Unicode>
                    </TextEquiv>
                </Word>
                <Word id="r_10_1l1_w4" custom="readingOrder {index:3;}">
                    <Coords points="1700,827 1700,887 1978,887 1978,827"/>
                    <TextEquiv>
                        <Unicode>hydromelite:</Unicode>
                    </TextEquiv>
                </Word>
                <Word id="r_10_1l1_w5" custom="readingOrder {index:4;}">
                    <Coords points="1994,824 1994,884 2184,884 2184,824"/>
                    <TextEquiv>
                        <Unicode>crassamen</Unicode>
                    </TextEquiv>
                </Word>
                <Word id="r_10_1l1_w6" custom="readingOrder {index:5;}">
                    <Coords points="2200,823 2200,883 2317,883 2317,823"/>
                    <TextEquiv>
                        <Unicode>puru¬</Unicode>
                    </TextEquiv>
                </Word>
                <TextEquiv>
                    <Unicode>nis drachmis cum hydromelite: crassamen puru¬</Unicode>
                </TextEquiv>
            </TextLine>
            <TextLine id="r_10_1l2" custom="readingOrder {index:2;}">
                <Coords points="1307,938 2314,930 2314,886 2256,873 1307,878"/>
                <Baseline points="1319,917 1368,920 1417,921 1466,921 1515,921 1564,923 1613,923 1662,921 1711,921 1760,921 1810,920 1859,919 1908,918 1957,918 2006,917 2055,917 2104,915 2153,915 2202,915 2251,915 2301,917"/>
                <Word id="r_10_1l2_w1" custom="readingOrder {index:0;}">
                    <Coords points="1314,880 1314,940 1463,940 1463,880"/>
                    <TextEquiv>
                        <Unicode>lentum</Unicode>
                    </TextEquiv>
                </Word>
                <Word id="r_10_1l2_w2" custom="readingOrder {index:1;}">
                    <Coords points="1480,882 1480,942 1635,942 1635,882"/>
                    <TextEquiv>
                        <Unicode>pectore</Unicode>
                    </TextEquiv>
                </Word>
                <Word id="r_10_1l2_w3" custom="readingOrder {index:2;}">
                    <Coords points="1657,881 1657,941 1819,941 1819,881"/>
                    <TextEquiv>
                        <Unicode>expellit.</Unicode>
                    </TextEquiv>
                </Word>
                <Word id="r_10_1l2_w4" custom="readingOrder {index:3;}">
                    <Coords points="1830,878 1830,938 1927,938 1927,878"/>
                    <TextEquiv>
                        <Unicode>Facit</Unicode>
                    </TextEquiv>
                </Word>
                <Word id="r_10_1l2_w5" custom="readingOrder {index:4;}">
                    <Coords points="1945,877 1945,937 2042,937 2042,877"/>
                    <TextEquiv>
                        <Unicode>aridę</Unicode>
                    </TextEquiv>
                </Word>
                <Word id="r_10_1l2_w6" custom="readingOrder {index:5;}">
                    <Coords points="2059,875 2059,935 2174,935 2174,875"/>
                    <TextEquiv>
                        <Unicode>farina</Unicode>
                    </TextEquiv>
                </Word>
                <Word id="r_10_1l2_w7" custom="readingOrder {index:6;}">
                    <Coords points="2197,875 2197,935 2237,935 2237,875"/>
                    <TextEquiv>
                        <Unicode>ad</Unicode>
                    </TextEquiv>
                </Word>
                <Word id="r_10_1l2_w8" custom="readingOrder {index:7;}">
                    <Coords points="2254,876 2254,936 2317,936 2317,876"/>
                    <TextEquiv>
                        <Unicode>ve¬</Unicode>
                    </TextEquiv>
                </Word>
                <TextEquiv>
                    <Unicode>lentum pectore expellit. Facit aridę farina ad ve¬</Unicode>
                </TextEquiv>
            </TextLine>
            <TextLine id="r_10_1l3" custom="readingOrder {index:3;}">
                <Coords points="1316,988 2318,997 2318,927 2289,925 1316,936"/>
                <Baseline points="1329,971 1377,972 1426,972 1475,974 1524,974 1572,974 1621,974 1670,974 1719,972 1767,972 1816,971 1865,971 1914,969 1962,969 2011,968 2060,968 2109,966 2157,966 2206,966 2255,968 2304,968"/>
                <Word id="r_10_1l3_w1" custom="readingOrder {index:0;}">
                    <Coords points="1317,931 1317,991 1433,991 1433,931"/>
                    <TextEquiv>
                        <Unicode>terem</Unicode>
                    </TextEquiv>
                </Word>
                <Word id="r_10_1l3_w2" custom="readingOrder {index:1;}">
                    <Coords points="1449,934 1449,994 1588,994 1588,934"/>
                    <TextEquiv>
                        <Unicode>tussim,</Unicode>
                    </TextEquiv>
                </Word>
                <Word id="r_10_1l3_w3" custom="readingOrder {index:2;}">
                    <Coords points="1605,933 1605,993 1738,993 1738,933"/>
                    <TextEquiv>
                        <Unicode>rupta,</Unicode>
                    </TextEquiv>
                </Word>
                <Word id="r_10_1l3_w4" custom="readingOrder {index:3;}">
                    <Coords points="1750,931 1750,991 1944,991 1944,931"/>
                    <TextEquiv>
                        <Unicode>convulsa,</Unicode>
                    </TextEquiv>
                </Word>
                <Word id="r_10_1l3_w5" custom="readingOrder {index:4;}">
                    <Coords points="1955,928 1955,988 1983,988 1983,928"/>
                    <TextEquiv>
                        <Unicode>si</Unicode>
                    </TextEquiv>
                </Word>
                <Word id="r_10_1l3_w6" custom="readingOrder {index:5;}">
                    <Coords points="1999,928 1999,988 2083,988 2083,928"/>
                    <TextEquiv>
                        <Unicode>cum</Unicode>
                    </TextEquiv>
                </Word>
                <Word id="r_10_1l3_w7" custom="readingOrder {index:6;}">
                    <Coords points="2105,926 2105,986 2310,986 2310,926"/>
                    <TextEquiv>
                        <Unicode>nasturtio,</Unicode>
                    </TextEquiv>
                </Word>
                <TextEquiv>
                    <Unicode>terem tussim, rupta, convulsa, si cum nasturtio,</Unicode>
                </TextEquiv>
            </TextLine>
            <TextLine id="r_10_1l4" custom="readingOrder {index:4;}">
                <Coords points="1315,1036 2304,1032 2270,977 1315,989"/>
                <Baseline points="1329,1023 1377,1025 1425,1025 1473,1025 1521,1025 1569,1025 1617,1025 1666,1023 1714,1023 1762,1023 1810,1022 1858,1022 1906,1021 1954,1020 2003,1020 2051,1019 2099,1019 2147,1019 2195,1017 2243,1017 2292,1017"/>
                <Word id="r_10_1l4_w1" custom="readingOrder {index:0;}">
                    <Coords points="1321,985 1321,1045 1449,1045 1449,985"/>
                    <TextEquiv>
                        <Unicode>melle,</Unicode>
                    </TextEquiv>
                </Word>
                <Word id="r_10_1l4_w2" custom="readingOrder {index:1;}">
                    <Coords points="1460,985 1460,1045 1494,1045 1494,985"/>
                    <TextEquiv>
                        <Unicode>&amp;</Unicode>
                    </TextEquiv>
                </Word>
                <Word id="r_10_1l4_w3" custom="readingOrder {index:2;}">
                    <Coords points="1505,985 1505,1045 1622,1045 1622,985"/>
                    <TextEquiv>
                        <Unicode>resina</Unicode>
                    </TextEquiv>
                </Word>
                <Word id="r_10_1l4_w4" custom="readingOrder {index:3;}">
                    <Coords points="1645,983 1645,1043 1834,1043 1834,983"/>
                    <TextEquiv>
                        <Unicode>misceatur</Unicode>
                    </TextEquiv>
                </Word>
                <Word id="r_10_1l4_w5" custom="readingOrder {index:4;}">
                    <Coords points="1856,981 1856,1041 1889,1041 1889,981"/>
                    <TextEquiv>
                        <Unicode>in</Unicode>
                    </TextEquiv>
                </Word>
                <Word id="r_10_1l4_w6" custom="readingOrder {index:5;}">
                    <Coords points="1906,979 1906,1039 2129,1039 2129,979"/>
                    <TextEquiv>
                        <Unicode>eclegmate.</Unicode>
                    </TextEquiv>
                </Word>
                <Word id="r_10_1l4_w7" custom="readingOrder {index:6;}">
                    <Coords points="2146,977 2146,1037 2307,1037 2307,977"/>
                    <TextEquiv>
                        <Unicode>Inflam¬</Unicode>
                    </TextEquiv>
                </Word>
                <TextEquiv>
                    <Unicode>melle, &amp; resina misceatur in eclegmate. Inflam¬</Unicode>
                </TextEquiv>
            </TextLine>
            <TextLine id="r_10_1l5" custom="readingOrder {index:5;}">
                <Coords points="1321,1099 2167,1095 2322,1081 2322,1040 1320,1034"/>
                <Baseline points="1334,1076 1382,1076 1431,1076 1480,1076 1529,1076 1578,1076 1626,1076 1675,1074 1724,1074 1773,1074 1822,1073 1870,1073 1919,1073 1968,1071 2017,1071 2066,1071 2114,1071 2163,1071 2212,1071 2261,1071 2310,1071"/>
                <Word id="r_10_1l5_w1" custom="readingOrder {index:0;}">
                    <Coords points="1320,1036 1320,1096 1421,1096 1421,1036"/>
                    <TextEquiv>
                        <Unicode>mata</Unicode>
                    </TextEquiv>
                </Word>
                <Word id="r_10_1l5_w2" custom="readingOrder {index:1;}">
                    <Coords points="1443,1036 1443,1096 1593,1096 1593,1036"/>
                    <TextEquiv>
                        <Unicode>modicè</Unicode>
                    </TextEquiv>
                </Word>
                <Word id="r_10_1l5_w3" custom="readingOrder {index:2;}">
                    <Coords points="1614,1034 1614,1094 1833,1094 1833,1034"/>
                    <TextEquiv>
                        <Unicode>praecordia,</Unicode>
                    </TextEquiv>
                </Word>
                <Word id="r_10_1l5_w4" custom="readingOrder {index:3;}">
                    <Coords points="1844,1033 1844,1093 1962,1093 1962,1033"/>
                    <TextEquiv>
                        <Unicode>cerato</Unicode>
                    </TextEquiv>
                </Word>
                <Word id="r_10_1l5_w5" custom="readingOrder {index:4;}">
                    <Coords points="1983,1031 1983,1091 2155,1091 2155,1031"/>
                    <TextEquiv>
                        <Unicode>excepta,</Unicode>
                    </TextEquiv>
                </Word>
                <Word id="r_10_1l5_w6" custom="readingOrder {index:5;}">
                    <Coords points="2165,1031 2165,1091 2315,1091 2315,1031"/>
                    <TextEquiv>
                        <Unicode>recreat:</Unicode>
                    </TextEquiv>
                </Word>
                <TextEquiv>
                    <Unicode>mata modicè praecordia, cerato excepta, recreat:</Unicode>
                </TextEquiv>
            </TextLine>
            <TextLine id="r_10_1l6" custom="readingOrder {index:6;}">
                <Coords points="1315,1146 2309,1153 2327,1083 1315,1102"/>
                <Baseline points="1329,1125 1378,1127 1427,1127 1476,1128 1525,1128 1575,1128 1624,1127 1673,1127 1722,1127 1771,1125 1821,1125 1870,1124 1919,1124 1968,1122 2017,1122 2067,1121 2116,1121 2165,1121 2214,1121 2263,1121 2313,1122"/>
                <Word id="r_10_1l6_w1" custom="readingOrder {index:0;}">
                    <Coords points="1315,1086 1315,1146 1401,1146 1401,1086"/>
                    <TextEquiv>
                        <Unicode>cum</Unicode>
                    </TextEquiv>
                </Word>
                <Word id="r_10_1l6_w2" custom="readingOrder {index:1;}">
                    <Coords points="1417,1087 1417,1147 1530,1147 1530,1087"/>
                    <TextEquiv>
                        <Unicode>aceto</Unicode>
                    </TextEquiv>
                </Word>
                <Word id="r_10_1l6_w3" custom="readingOrder {index:2;}">
                    <Coords points="1557,1087 1557,1147 1643,1147 1643,1087"/>
                    <TextEquiv>
                        <Unicode>acri,</Unicode>
                    </TextEquiv>
                </Word>
                <Word id="r_10_1l6_w4" custom="readingOrder {index:3;}">
                    <Coords points="1659,1087 1659,1147 1718,1147 1718,1087"/>
                    <TextEquiv>
                        <Unicode>aut</Unicode>
                    </TextEquiv>
                </Word>
                <Word id="r_10_1l6_w5" custom="readingOrder {index:4;}">
                    <Coords points="1734,1085 1734,1145 1852,1145 1852,1085"/>
                    <TextEquiv>
                        <Unicode>aqua,</Unicode>
                    </TextEquiv>
                </Word>
                <Word id="r_10_1l6_w6" custom="readingOrder {index:5;}">
                    <Coords points="1863,1082 1863,1142 2051,1142 2051,1082"/>
                    <TextEquiv>
                        <Unicode>podagris</Unicode>
                    </TextEquiv>
                </Word>
                <Word id="r_10_1l6_w7" custom="readingOrder {index:6;}">
                    <Coords points="2073,1081 2073,1141 2314,1141 2314,1081"/>
                    <TextEquiv>
                        <Unicode>convenien¬</Unicode>
                    </TextEquiv>
                </Word>
                <TextEquiv>
                    <Unicode>cum aceto acri, aut aqua, podagris convenien¬</Unicode>
                </TextEquiv>
            </TextLine>
            <TextLine id="r_10_1l7" custom="readingOrder {index:7;}">
                <Coords points="1317,1192 2196,1196 2310,1187 2310,1128 1316,1145"/>
                <Baseline points="1329,1175 1377,1176 1425,1178 1474,1178 1522,1178 1571,1178 1619,1178 1667,1178 1716,1176 1764,1176 1813,1175 1861,1175 1909,1175 1958,1173 2006,1173 2055,1173 2103,1172 2151,1172 2200,1172 2248,1172 2297,1173"/>
                <Word id="r_10_1l7_w1" custom="readingOrder {index:0;}">
                    <Coords points="1322,1135 1322,1195 1372,1195 1372,1135"/>
                    <TextEquiv>
                        <Unicode>ter</Unicode>
                    </TextEquiv>
                </Word>
                <Word id="r_10_1l7_w2" custom="readingOrder {index:1;}">
                    <Coords points="1389,1138 1389,1198 1562,1198 1562,1138"/>
                    <TextEquiv>
                        <Unicode>illinitur:</Unicode>
                    </TextEquiv>
                </Word>
                <Word id="r_10_1l7_w3" custom="readingOrder {index:2;}">
                    <Coords points="1578,1138 1578,1198 1718,1198 1718,1138"/>
                    <TextEquiv>
                        <Unicode>menses</Unicode>
                    </TextEquiv>
                </Word>
                <Word id="r_10_1l7_w4" custom="readingOrder {index:3;}">
                    <Coords points="1740,1135 1740,1195 1912,1195 1912,1135"/>
                    <TextEquiv>
                        <Unicode>imposita</Unicode>
                    </TextEquiv>
                </Word>
                <Word id="r_10_1l7_w5" custom="readingOrder {index:4;}">
                    <Coords points="1935,1133 1935,1193 2074,1193 2074,1133"/>
                    <TextEquiv>
                        <Unicode>movet,</Unicode>
                    </TextEquiv>
                </Word>
                <Word id="r_10_1l7_w6" custom="readingOrder {index:5;}">
                    <Coords points="2086,1132 2086,1192 2230,1192 2230,1132"/>
                    <TextEquiv>
                        <Unicode>vulnera</Unicode>
                    </TextEquiv>
                </Word>
                <Word id="r_10_1l7_w7" custom="readingOrder {index:6;}">
                    <Coords points="2253,1132 2253,1192 2313,1192 2313,1132"/>
                    <TextEquiv>
                        <Unicode>con¬</Unicode>
                    </TextEquiv>
                </Word>
                <TextEquiv>
                    <Unicode>ter illinitur: menses imposita movet, vulnera con¬</Unicode>
                </TextEquiv>
            </TextLine>
            <TextLine id="r_10_1l8" custom="readingOrder {index:8;}">
                <Coords points="1255,1268 1423,1238 2191,1250 2323,1235 2323,1181 1254,1201"/>
                <Baseline points="1268,1238 1320,1235 1372,1233 1424,1232 1476,1230 1528,1230 1580,1229 1632,1229 1684,1227 1736,1227 1788,1227 1840,1227 1892,1227 1944,1226 1996,1226 2048,1226 2100,1226 2152,1224 2204,1224 2256,1223 2309,1221"/>
                <Word id="r_10_1l8_w1" custom="readingOrder {index:0;}">
                    <Coords points="1255,1197 1255,1257 1291,1257 1291,1197"/>
                    <TextEquiv>
                        <Unicode>C</Unicode>
                    </TextEquiv>
                </Word>
                <Word id="r_10_1l8_w2" custom="readingOrder {index:1;}">
                    <Coords points="1320,1192 1320,1252 1499,1252 1499,1192"/>
                    <TextEquiv>
                        <Unicode>glutinat,</Unicode>
                    </TextEquiv>
                </Word>
                <Word id="r_10_1l8_w3" custom="readingOrder {index:2;}">
                    <Coords points="1517,1189 1517,1249 1636,1249 1636,1189"/>
                    <TextEquiv>
                        <Unicode>vetera</Unicode>
                    </TextEquiv>
                </Word>
                <Word id="r_10_1l8_w4" custom="readingOrder {index:3;}">
                    <Coords points="1660,1187 1660,1247 1778,1247 1778,1187"/>
                    <TextEquiv>
                        <Unicode>ulcera</Unicode>
                    </TextEquiv>
                </Word>
                <Word id="r_10_1l8_w5" custom="readingOrder {index:4;}">
                    <Coords points="1803,1187 1803,1247 1957,1247 1957,1187"/>
                    <TextEquiv>
                        <Unicode>purgat,</Unicode>
                    </TextEquiv>
                </Word>
                <Word id="r_10_1l8_w6" custom="readingOrder {index:5;}">
                    <Coords points="1969,1186 1969,1246 1999,1246 1999,1186"/>
                    <TextEquiv>
                        <Unicode>&amp;</Unicode>
                    </TextEquiv>
                </Word>
                <Word id="r_10_1l8_w7" custom="readingOrder {index:6;}">
                    <Coords points="2017,1186 2017,1246 2052,1246 2052,1186"/>
                    <TextEquiv>
                        <Unicode>ex</Unicode>
                    </TextEquiv>
                </Word>
                <Word id="r_10_1l8_w8" custom="readingOrder {index:7;}">
                    <Coords points="2071,1185 2071,1245 2177,1245 2177,1185"/>
                    <TextEquiv>
                        <Unicode>melle</Unicode>
                    </TextEquiv>
                </Word>
                <Word id="r_10_1l8_w9" custom="readingOrder {index:8;}">
                    <Coords points="2202,1183 2202,1243 2243,1243 2243,1183"/>
                    <TextEquiv>
                        <Unicode>ad</Unicode>
                    </TextEquiv>
                </Word>
                <Word id="r_10_1l8_w10" custom="readingOrder {index:9;}">
                    <Coords points="2261,1181 2261,1241 2314,1241 2314,1181"/>
                    <TextEquiv>
                        <Unicode>ci¬</Unicode>
                    </TextEquiv>
                </Word>
                <TextEquiv>
                    <Unicode>[C] glutinat, vetera ulcera purgat, &amp; ex melle ad ci¬</Unicode>
                </TextEquiv>
            </TextLine>
            <TextLine id="r_10_1l9" custom="readingOrder {index:9;}">
                <Coords points="1313,1295 2322,1300 2322,1235 1313,1253"/>
                <Baseline points="1325,1280 1374,1280 1423,1281 1472,1281 1521,1281 1571,1281 1620,1281 1669,1281 1718,1280 1767,1280 1817,1278 1866,1278 1915,1277 1964,1277 2013,1275 2063,1275 2112,1275 2161,1275 2210,1275 2259,1275 2309,1277"/>
                <Word id="r_10_1l9_w1" custom="readingOrder {index:0;}">
                    <Coords points="1320,1240 1320,1300 1494,1300 1494,1240"/>
                    <TextEquiv>
                        <Unicode>catricem</Unicode>
                    </TextEquiv>
                </Word>
                <Word id="r_10_1l9_w2" custom="readingOrder {index:1;}">
                    <Coords points="1511,1241 1511,1301 1698,1301 1698,1241"/>
                    <TextEquiv>
                        <Unicode>perducit.</Unicode>
                    </TextEquiv>
                </Word>
                <Word id="r_10_1l9_w3" custom="readingOrder {index:2;}">
                    <Coords points="1715,1239 1715,1299 1837,1299 1837,1239"/>
                    <TextEquiv>
                        <Unicode>Siccas</Unicode>
                    </TextEquiv>
                </Word>
                <Word id="r_10_1l9_w4" custom="readingOrder {index:3;}">
                    <Coords points="1866,1235 1866,1295 2128,1295 2128,1235"/>
                    <TextEquiv>
                        <Unicode>excrescentias</Unicode>
                    </TextEquiv>
                </Word>
                <Word id="r_10_1l9_w5" custom="readingOrder {index:4;}">
                    <Coords points="2145,1235 2145,1295 2180,1295 2180,1235"/>
                    <TextEquiv>
                        <Unicode>in</Unicode>
                    </TextEquiv>
                </Word>
                <Word id="r_10_1l9_w6" custom="readingOrder {index:5;}">
                    <Coords points="2197,1235 2197,1295 2308,1295 2308,1235"/>
                    <TextEquiv>
                        <Unicode>carne</Unicode>
                    </TextEquiv>
                </Word>
                <TextEquiv>
                    <Unicode>catricem perducit. Siccas excrescentias in carne</Unicode>
                </TextEquiv>
            </TextLine>
            <TextLine id="r_10_1l10" custom="readingOrder {index:10;}">
                <Coords points="1314,1351 2316,1334 2285,1285 1314,1296"/>
                <Baseline points="1328,1331 1376,1331 1425,1332 1474,1332 1523,1332 1572,1332 1620,1331 1669,1331 1718,1331 1767,1329 1816,1329 1864,1329 1913,1328 1962,1328 2011,1327 2060,1326 2108,1326 2157,1326 2206,1327 2255,1328 2304,1328"/>
                <Word id="r_10_1l10_w1" custom="readingOrder {index:0;}">
                    <Coords points="1320,1291 1320,1351 1489,1351 1489,1291"/>
                    <TextEquiv>
                        <Unicode>cohibet.</Unicode>
                    </TextEquiv>
                </Word>
                <Word id="r_10_1l10_w2" custom="readingOrder {index:1;}">
                    <Coords points="1500,1292 1500,1352 1636,1352 1636,1292"/>
                    <TextEquiv>
                        <Unicode>Succus</Unicode>
                    </TextEquiv>
                </Word>
                <Word id="r_10_1l10_w3" custom="readingOrder {index:2;}">
                    <Coords points="1658,1291 1658,1351 1697,1351 1697,1291"/>
                    <TextEquiv>
                        <Unicode>ad</Unicode>
                    </TextEquiv>
                </Word>
                <Word id="r_10_1l10_w4" custom="readingOrder {index:3;}">
                    <Coords points="1719,1289 1719,1349 1849,1349 1849,1289"/>
                    <TextEquiv>
                        <Unicode>eadem</Unicode>
                    </TextEquiv>
                </Word>
                <Word id="r_10_1l10_w5" custom="readingOrder {index:4;}">
                    <Coords points="1866,1288 1866,1348 1948,1348 1948,1288"/>
                    <TextEquiv>
                        <Unicode>vitia</Unicode>
                    </TextEquiv>
                </Word>
                <Word id="r_10_1l10_w6" custom="readingOrder {index:5;}">
                    <Coords points="1970,1286 1970,1346 2117,1346 2117,1286"/>
                    <TextEquiv>
                        <Unicode>bibitur.</Unicode>
                    </TextEquiv>
                </Word>
                <Word id="r_10_1l10_w7" custom="readingOrder {index:6;}">
                    <Coords points="2123,1286 2123,1346 2221,1346 2221,1286"/>
                    <TextEquiv>
                        <Unicode>Inter</Unicode>
                    </TextEquiv>
                </Word>
                <Word id="r_10_1l10_w8" custom="readingOrder {index:7;}">
                    <Coords points="2238,1288 2238,1348 2314,1348 2314,1288"/>
                    <TextEquiv>
                        <Unicode>pri¬</Unicode>
                    </TextEquiv>
                </Word>
                <TextEquiv>
                    <Unicode>cohibet. Succus ad eadem vitia bibitur. Inter pri¬</Unicode>
                </TextEquiv>
            </TextLine>
            <TextLine id="r_10_1l11" custom="readingOrder {index:11;}">
                <Coords points="1312,1397 2314,1395 2259,1335 1312,1353"/>
                <Baseline points="1325,1382 1373,1382 1422,1382 1471,1383 1520,1383 1569,1383 1617,1383 1666,1382 1715,1382 1764,1382 1813,1382 1861,1380 1910,1380 1959,1380 2008,1379 2057,1379 2105,1379 2154,1379 2203,1379 2252,1379 2301,1379"/>
                <Word id="r_10_1l11_w1" custom="readingOrder {index:0;}">
                    <Coords points="1318,1342 1318,1402 1377,1402 1377,1342"/>
                    <TextEquiv>
                        <Unicode>ma</Unicode>
                    </TextEquiv>
                </Word>
                <Word id="r_10_1l11_w2" custom="readingOrder {index:1;}">
                    <Coords points="1400,1342 1400,1402 1531,1402 1531,1342"/>
                    <TextEquiv>
                        <Unicode>efficax</Unicode>
                    </TextEquiv>
                </Word>
                <Word id="r_10_1l11_w3" custom="readingOrder {index:2;}">
                    <Coords points="1552,1342 1552,1402 1755,1402 1755,1342"/>
                    <TextEquiv>
                        <Unicode>Ponticum</Unicode>
                    </TextEquiv>
                </Word>
                <Word id="r_10_1l11_w4" custom="readingOrder {index:3;}">
                    <Coords points="1771,1340 1771,1400 1940,1400 1940,1340"/>
                    <TextEquiv>
                        <Unicode>natione,</Unicode>
                    </TextEquiv>
                </Word>
                <Word id="r_10_1l11_w5" custom="readingOrder {index:4;}">
                    <Coords points="1957,1339 1957,1399 2214,1399 2214,1339"/>
                    <TextEquiv>
                        <Unicode>Creticumque.</Unicode>
                    </TextEquiv>
                </Word>
                <Word id="r_10_1l11_w6" custom="readingOrder {index:5;}">
                    <Coords points="2224,1339 2224,1399 2312,1399 2312,1339"/>
                    <TextEquiv>
                        <Unicode>Na¬</Unicode>
                    </TextEquiv>
                </Word>
                <TextEquiv>
                    <Unicode>ma efficax Ponticum natione, Creticumque. Na¬</Unicode>
                </TextEquiv>
            </TextLine>
            <TextLine id="r_10_1l12" custom="readingOrder {index:12;}">
                <Coords points="1307,1447 2101,1470 2197,1438 2254,1469 2326,1443 2326,1383 1306,1398"/>
                <Baseline points="1320,1433 1369,1433 1419,1434 1468,1434 1518,1434 1568,1434 1617,1434 1667,1434 1717,1434 1766,1433 1816,1433 1866,1433 1915,1433 1965,1432 2015,1431 2064,1431 2114,1431 2164,1431 2213,1430 2263,1430 2313,1430"/>
                <Word id="r_10_1l12_w1" custom="readingOrder {index:0;}">
                    <Coords points="1312,1393 1312,1453 1425,1453 1425,1393"/>
                    <TextEquiv>
                        <Unicode>scitur</Unicode>
                    </TextEquiv>
                </Word>
                <Word id="r_10_1l12_w2" custom="readingOrder {index:1;}">
                    <Coords points="1442,1394 1442,1454 1476,1454 1476,1394"/>
                    <TextEquiv>
                        <Unicode>in</Unicode>
                    </TextEquiv>
                </Word>
                <Word id="r_10_1l12_w3" custom="readingOrder {index:2;}">
                    <Coords points="1498,1394 1498,1454 1702,1454 1702,1394"/>
                    <TextEquiv>
                        <Unicode>montibus</Unicode>
                    </TextEquiv>
                </Word>
                <Word id="r_10_1l12_w4" custom="readingOrder {index:3;}">
                    <Coords points="1731,1393 1731,1453 1764,1453 1764,1393"/>
                    <TextEquiv>
                        <Unicode>&amp;</Unicode>
                    </TextEquiv>
                </Word>
                <Word id="r_10_1l12_w5" custom="readingOrder {index:4;}">
                    <Coords points="1781,1393 1781,1453 2025,1453 2025,1393"/>
                    <TextEquiv>
                        <Unicode>palustribus.</Unicode>
                    </TextEquiv>
                </Word>
                <Word id="r_10_1l12_w6" custom="readingOrder {index:5;}">
                    <Coords points="2047,1390 2047,1450 2312,1450 2312,1390"/>
                    <TextEquiv>
                        <Unicode>Conservatur</Unicode>
                    </TextEquiv>
                </Word>
                <TextEquiv>
                    <Unicode>scitur in montibus &amp; palustribus. Conservatur</Unicode>
                </TextEquiv>
            </TextLine>
            <TextLine id="r_10_1l13" custom="readingOrder {index:13;} textStyle {offset:11; length:7;italic:true;}">
                <Coords points="1317,1513 1358,1494 1740,1500 1740,1446 1317,1450"/>
                <Baseline points="1329,1484 1355,1485 1382,1487 1408,1487 1435,1487 1462,1487 1488,1487 1515,1485 1541,1485 1568,1485 1595,1485 1621,1484 1648,1484 1674,1485 1701,1485 1728,1487"/>
                <Word id="r_10_1l13_w1" custom="readingOrder {index:0;}">
                    <Coords points="1317,1444 1317,1504 1382,1504 1382,1444"/>
                    <TextEquiv>
                        <Unicode>per</Unicode>
                    </TextEquiv>
                </Word>
                <Word id="r_10_1l13_w2" custom="readingOrder {index:1;}">
                    <Coords points="1398,1447 1398,1507 1566,1507 1566,1447"/>
                    <TextEquiv>
                        <Unicode>annum.</Unicode>
                    </TextEquiv>
                </Word>
                <Word id="r_10_1l13_w3" custom="readingOrder {index:2;}">
                    <Coords points="1587,1444 1587,1504 1744,1504 1744,1444"/>
                    <TextEquiv>
                        <Unicode>Dioscor.</Unicode>
                    </TextEquiv>
                </Word>
                <TextEquiv>
                    <Unicode>per annum. Dioscor.</Unicode>
                </TextEquiv>
            </TextLine>
            <TextLine id="r_10_1l14" custom="readingOrder {index:14;} textStyle {offset:0; length:8;italic:true;}">
                <Coords points="1369,1545 2317,1555 2316,1462 2171,1499 2083,1457 2013,1484 1888,1458 1772,1505 1369,1501"/>
                <Baseline points="1382,1533 1428,1535 1474,1536 1520,1537 1566,1538 1612,1538 1658,1538 1704,1538 1750,1536 1796,1536 1843,1536 1889,1535 1935,1535 1981,1535 2027,1534 2073,1533 2119,1533 2165,1535 2211,1535 2257,1535 2304,1536"/>
                <Word id="r_10_1l14_w1" custom="readingOrder {index:0;}">
                    <Coords points="1373,1495 1373,1555 1546,1555 1546,1495"/>
                    <TextEquiv>
                        <Unicode>Scordium</Unicode>
                    </TextEquiv>
                </Word>
                <Word id="r_10_1l14_w2" custom="readingOrder {index:1;}">
                    <Coords points="1568,1498 1568,1558 1596,1558 1596,1498"/>
                    <TextEquiv>
                        <Unicode>si</Unicode>
                    </TextEquiv>
                </Word>
                <Word id="r_10_1l14_w3" custom="readingOrder {index:2;}">
                    <Coords points="1618,1498 1618,1558 1654,1558 1654,1498"/>
                    <TextEquiv>
                        <Unicode>ex</Unicode>
                    </TextEquiv>
                </Word>
                <Word id="r_10_1l14_w4" custom="readingOrder {index:3;}">
                    <Coords points="1676,1496 1676,1556 1784,1556 1784,1496"/>
                    <TextEquiv>
                        <Unicode>Creta</Unicode>
                    </TextEquiv>
                </Word>
                <Word id="r_10_1l14_w5" custom="readingOrder {index:4;}">
                    <Coords points="1813,1496 1813,1556 1849,1556 1849,1496"/>
                    <TextEquiv>
                        <Unicode>&amp;</Unicode>
                    </TextEquiv>
                </Word>
                <Word id="r_10_1l14_w6" custom="readingOrder {index:5;}">
                    <Coords points="1871,1495 1871,1555 2001,1555 2001,1495"/>
                    <TextEquiv>
                        <Unicode>Ponto</Unicode>
                    </TextEquiv>
                </Word>
                <Word id="r_10_1l14_w7" custom="readingOrder {index:6;}">
                    <Coords points="2023,1493 2023,1553 2153,1553 2153,1493"/>
                    <TextEquiv>
                        <Unicode>haberi</Unicode>
                    </TextEquiv>
                </Word>
                <Word id="r_10_1l14_w8" custom="readingOrder {index:7;}">
                    <Coords points="2175,1495 2175,1555 2311,1555 2311,1495"/>
                    <TextEquiv>
                        <Unicode>posset,</Unicode>
                    </TextEquiv>
                </Word>
                <TextEquiv>
                    <Unicode>Scordium si ex Creta &amp; Ponto haberi posset,</Unicode>
                </TextEquiv>
            </TextLine>
            <TextLine id="r_10_1l15" custom="readingOrder {index:15;}">
                <Coords points="1316,1599 2315,1601 2315,1554 2276,1541 1316,1550"/>
                <Baseline points="1329,1587 1377,1587 1426,1589 1474,1589 1523,1589 1572,1589 1620,1589 1669,1589 1717,1589 1766,1587 1815,1587 1863,1587 1912,1587 1960,1587 2009,1586 2058,1586 2106,1586 2155,1586 2203,1586 2252,1586 2301,1586"/>
                <Word id="r_10_1l15_w1" custom="readingOrder {index:0;}">
                    <Coords points="1323,1547 1323,1607 1411,1607 1411,1547"/>
                    <TextEquiv>
                        <Unicode>esset</Unicode>
                    </TextEquiv>
                </Word>
                <Word id="r_10_1l15_w2" custom="readingOrder {index:1;}">
                    <Coords points="1429,1549 1429,1609 1535,1609 1535,1549"/>
                    <TextEquiv>
                        <Unicode>valdè</Unicode>
                    </TextEquiv>
                </Word>
                <Word id="r_10_1l15_w3" custom="readingOrder {index:2;}">
                    <Coords points="1552,1549 1552,1609 1729,1609 1729,1549"/>
                    <TextEquiv>
                        <Unicode>bonum,</Unicode>
                    </TextEquiv>
                </Word>
                <Word id="r_10_1l15_w4" custom="readingOrder {index:3;}">
                    <Coords points="1741,1547 1741,1607 1912,1607 1912,1547"/>
                    <TextEquiv>
                        <Unicode>attamen</Unicode>
                    </TextEquiv>
                </Word>
                <Word id="r_10_1l15_w5" custom="readingOrder {index:4;}">
                    <Coords points="1935,1547 1935,1607 1970,1607 1970,1547"/>
                    <TextEquiv>
                        <Unicode>in</Unicode>
                    </TextEquiv>
                </Word>
                <Word id="r_10_1l15_w6" custom="readingOrder {index:5;}">
                    <Coords points="1995,1546 1995,1606 2071,1606 2071,1546"/>
                    <TextEquiv>
                        <Unicode>aliis</Unicode>
                    </TextEquiv>
                </Word>
                <Word id="r_10_1l15_w7" custom="readingOrder {index:6;}">
                    <Coords points="2095,1546 2095,1606 2318,1606 2318,1546"/>
                    <TextEquiv>
                        <Unicode>regionibus</Unicode>
                    </TextEquiv>
                </Word>
                <TextEquiv>
                    <Unicode>esset valdè bonum, attamen in aliis regionibus</Unicode>
                </TextEquiv>
            </TextLine>
            <TextLine id="r_10_1l16" custom="readingOrder {index:16;}">
                <Coords points="1307,1661 2189,1660 2316,1649 2316,1600 1306,1609"/>
                <Baseline points="1319,1640 1368,1640 1417,1640 1466,1640 1516,1640 1565,1640 1614,1640 1663,1640 1713,1640 1762,1640 1811,1640 1860,1640 1910,1638 1959,1638 2008,1638 2057,1638 2107,1638 2156,1637 2205,1637 2254,1637 2304,1637"/>
                <Word id="r_10_1l16_w1" custom="readingOrder {index:0;}">
                    <Coords points="1312,1600 1312,1660 1443,1660 1443,1600"/>
                    <TextEquiv>
                        <Unicode>quoque</Unicode>
                    </TextEquiv>
                </Word>
                <Word id="r_10_1l16_w2" custom="readingOrder {index:1;}">
                    <Coords points="1454,1600 1454,1660 1520,1660 1520,1600"/>
                    <TextEquiv>
                        <Unicode>illo</Unicode>
                    </TextEquiv>
                </Word>
                <Word id="r_10_1l16_w3" custom="readingOrder {index:2;}">
                    <Coords points="1541,1600 1541,1660 1613,1660 1613,1600"/>
                    <TextEquiv>
                        <Unicode>non</Unicode>
                    </TextEquiv>
                </Word>
                <Word id="r_10_1l16_w4" custom="readingOrder {index:3;}">
                    <Coords points="1635,1600 1635,1660 1755,1660 1755,1600"/>
                    <TextEquiv>
                        <Unicode>multò</Unicode>
                    </TextEquiv>
                </Word>
                <Word id="r_10_1l16_w5" custom="readingOrder {index:4;}">
                    <Coords points="1772,1600 1772,1660 1930,1660 1930,1600"/>
                    <TextEquiv>
                        <Unicode>deterius</Unicode>
                    </TextEquiv>
                </Word>
                <Word id="r_10_1l16_w6" custom="readingOrder {index:5;}">
                    <Coords points="1953,1598 1953,1658 2090,1658 2090,1598"/>
                    <TextEquiv>
                        <Unicode>crescit,</Unicode>
                    </TextEquiv>
                </Word>
                <Word id="r_10_1l16_w7" custom="readingOrder {index:6;}">
                    <Coords points="2101,1597 2101,1657 2227,1657 2227,1597"/>
                    <TextEquiv>
                        <Unicode>modò</Unicode>
                    </TextEquiv>
                </Word>
                <Word id="r_10_1l16_w8" custom="readingOrder {index:7;}">
                    <Coords points="2249,1597 2249,1657 2314,1657 2314,1597"/>
                    <TextEquiv>
                        <Unicode>eli¬</Unicode>
                    </TextEquiv>
                </Word>
                <TextEquiv>
                    <Unicode>quoque illo non multò deterius crescit, modò eli¬</Unicode>
                </TextEquiv>
            </TextLine>
            <TextLine id="r_10_1l17" custom="readingOrder {index:17;}">
                <Coords points="1314,1717 2268,1694 2318,1720 2318,1652 1313,1654"/>
                <Baseline points="1326,1692 1375,1692 1424,1692 1473,1692 1522,1692 1571,1691 1620,1691 1669,1691 1718,1691 1767,1691 1816,1689 1865,1689 1914,1689 1963,1689 2012,1689 2061,1689 2110,1689 2159,1688 2208,1688 2257,1688 2306,1689"/>
                <Word id="r_10_1l17_w1" custom="readingOrder {index:0;}">
                    <Coords points="1314,1652 1314,1712 1423,1712 1423,1652"/>
                    <TextEquiv>
                        <Unicode>gatur</Unicode>
                    </TextEquiv>
                </Word>
                <Word id="r_10_1l17_w2" custom="readingOrder {index:1;}">
                    <Coords points="1440,1652 1440,1712 1492,1712 1492,1652"/>
                    <TextEquiv>
                        <Unicode>id,</Unicode>
                    </TextEquiv>
                </Word>
                <Word id="r_10_1l17_w3" custom="readingOrder {index:2;}">
                    <Coords points="1504,1651 1504,1711 1613,1711 1613,1651"/>
                    <TextEquiv>
                        <Unicode>quod</Unicode>
                    </TextEquiv>
                </Word>
                <Word id="r_10_1l17_w4" custom="readingOrder {index:3;}">
                    <Coords points="1625,1651 1625,1711 1659,1711 1659,1651"/>
                    <TextEquiv>
                        <Unicode>in</Unicode>
                    </TextEquiv>
                </Word>
                <Word id="r_10_1l17_w5" custom="readingOrder {index:4;}">
                    <Coords points="1676,1650 1676,1710 1896,1710 1896,1650"/>
                    <TextEquiv>
                        <Unicode>montibus,</Unicode>
                    </TextEquiv>
                </Word>
                <Word id="r_10_1l17_w6" custom="readingOrder {index:5;}">
                    <Coords points="1913,1649 1913,1709 1970,1709 1970,1649"/>
                    <TextEquiv>
                        <Unicode>non</Unicode>
                    </TextEquiv>
                </Word>
                <Word id="r_10_1l17_w7" custom="readingOrder {index:6;}">
                    <Coords points="1982,1649 1982,1709 2201,1709 2201,1649"/>
                    <TextEquiv>
                        <Unicode>palustribus</Unicode>
                    </TextEquiv>
                </Word>
                <Word id="r_10_1l17_w8" custom="readingOrder {index:7;}">
                    <Coords points="2218,1648 2218,1708 2310,1708 2310,1648"/>
                    <TextEquiv>
                        <Unicode>locis</Unicode>
                    </TextEquiv>
                </Word>
                <TextEquiv>
                    <Unicode>gatur id, quod in montibus, non palustribus locis</Unicode>
                </TextEquiv>
            </TextLine>
            <TextLine id="r_10_1l18" custom="readingOrder {index:18;}">
                <Coords points="1253,1764 2317,1765 2273,1695 1253,1700"/>
                <Baseline points="1266,1743 1317,1743 1369,1743 1421,1743 1473,1743 1525,1743 1577,1742 1629,1742 1681,1742 1733,1742 1785,1742 1836,1742 1888,1742 1940,1742 1992,1740 2044,1740 2096,1740 2148,1740 2200,1739 2252,1739 2304,1739"/>
                <Word id="r_10_1l18_w1" custom="readingOrder {index:0;}">
                    <Coords points="1259,1703 1259,1763 1293,1763 1293,1703"/>
                    <TextEquiv>
                        <Unicode>D</Unicode>
                    </TextEquiv>
                </Word>
                <Word id="r_10_1l18_w2" custom="readingOrder {index:1;}">
                    <Coords points="1322,1703 1322,1763 1522,1763 1522,1703"/>
                    <TextEquiv>
                        <Unicode>provenit,</Unicode>
                    </TextEquiv>
                </Word>
                <Word id="r_10_1l18_w3" custom="readingOrder {index:2;}">
                    <Coords points="1539,1702 1539,1762 1573,1762 1573,1702"/>
                    <TextEquiv>
                        <Unicode>&amp;</Unicode>
                    </TextEquiv>
                </Word>
                <Word id="r_10_1l18_w4" custom="readingOrder {index:3;}">
                    <Coords points="1585,1702 1585,1762 1624,1762 1624,1702"/>
                    <TextEquiv>
                        <Unicode>in</Unicode>
                    </TextEquiv>
                </Word>
                <Word id="r_10_1l18_w5" custom="readingOrder {index:4;}">
                    <Coords points="1642,1702 1642,1762 1858,1762 1858,1702"/>
                    <TextEquiv>
                        <Unicode>regionibus</Unicode>
                    </TextEquiv>
                </Word>
                <Word id="r_10_1l18_w6" custom="readingOrder {index:5;}">
                    <Coords points="1881,1700 1881,1760 2110,1760 2110,1700"/>
                    <TextEquiv>
                        <Unicode>siccioribus,</Unicode>
                    </TextEquiv>
                </Word>
                <Word id="r_10_1l18_w7" custom="readingOrder {index:6;}">
                    <Coords points="2121,1699 2121,1759 2314,1759 2314,1699"/>
                    <TextEquiv>
                        <Unicode>quemad¬</Unicode>
                    </TextEquiv>
                </Word>
                <TextEquiv>
                    <Unicode>[D] provenit, &amp; in regionibus siccioribus, quemad¬</Unicode>
                </TextEquiv>
            </TextLine>
            <TextLine id="r_10_1l19" custom="readingOrder {index:19;}">
                <Coords points="1302,1809 2314,1808 2313,1764 2228,1746 1301,1749"/>
                <Baseline points="1314,1791 1363,1793 1412,1793 1461,1793 1511,1794 1560,1794 1609,1794 1659,1794 1708,1794 1757,1794 1807,1793 1856,1793 1905,1793 1954,1793 2004,1791 2053,1791 2102,1791 2152,1791 2201,1790 2250,1790 2300,1790"/>
                <Word id="r_10_1l19_w1" custom="readingOrder {index:0;}">
                    <Coords points="1308,1753 1308,1813 1481,1813 1481,1753"/>
                    <TextEquiv>
                        <Unicode>modum</Unicode>
                    </TextEquiv>
                </Word>
                <Word id="r_10_1l19_w2" custom="readingOrder {index:1;}">
                    <Coords points="1498,1754 1498,1814 1544,1814 1544,1754"/>
                    <TextEquiv>
                        <Unicode>est</Unicode>
                    </TextEquiv>
                </Word>
                <Word id="r_10_1l19_w3" custom="readingOrder {index:2;}">
                    <Coords points="1561,1754 1561,1814 1717,1814 1717,1754"/>
                    <TextEquiv>
                        <Unicode>Apulia.</Unicode>
                    </TextEquiv>
                </Word>
                <Word id="r_10_1l19_w4" custom="readingOrder {index:3;}">
                    <Coords points="1729,1753 1729,1813 1942,1813 1942,1753"/>
                    <TextEquiv>
                        <Unicode>Colligatur</Unicode>
                    </TextEquiv>
                </Word>
                <Word id="r_10_1l19_w5" custom="readingOrder {index:4;}">
                    <Coords points="1960,1751 1960,1811 2046,1811 2046,1751"/>
                    <TextEquiv>
                        <Unicode>autem</Unicode>
                    </TextEquiv>
                </Word>
                <Word id="r_10_1l19_w6" custom="readingOrder {index:5;}">
                    <Coords points="2063,1751 2063,1811 2219,1811 2219,1751"/>
                    <TextEquiv>
                        <Unicode>quando</Unicode>
                    </TextEquiv>
                </Word>
                <Word id="r_10_1l19_w7" custom="readingOrder {index:6;}">
                    <Coords points="2242,1750 2242,1810 2317,1810 2317,1750"/>
                    <TextEquiv>
                        <Unicode>flo¬</Unicode>
                    </TextEquiv>
                </Word>
                <TextEquiv>
                    <Unicode>modum est Apulia. Colligatur autem quando flo¬</Unicode>
                </TextEquiv>
            </TextLine>
            <TextLine id="r_10_1l20" custom="readingOrder {index:20;}">
                <Coords points="1307,1857 2312,1868 2312,1806 2241,1798 1307,1807"/>
                <Baseline points="1320,1842 1368,1844 1417,1844 1466,1844 1515,1844 1564,1844 1613,1844 1662,1845 1711,1845 1760,1845 1809,1845 1857,1845 1906,1845 1955,1845 2004,1845 2053,1844 2102,1844 2151,1844 2200,1842 2249,1842 2298,1841"/>
                <Word id="r_10_1l20_w1" custom="readingOrder {index:0;}">
                    <Coords points="1308,1803 1308,1863 1414,1863 1414,1803"/>
                    <TextEquiv>
                        <Unicode>ribus</Unicode>
                    </TextEquiv>
                </Word>
                <Word id="r_10_1l20_w2" custom="readingOrder {index:1;}">
                    <Coords points="1431,1804 1431,1864 1479,1864 1479,1804"/>
                    <TextEquiv>
                        <Unicode>est</Unicode>
                    </TextEquiv>
                </Word>
                <Word id="r_10_1l20_w3" custom="readingOrder {index:2;}">
                    <Coords points="1496,1804 1496,1864 1703,1864 1703,1804"/>
                    <TextEquiv>
                        <Unicode>refertum,</Unicode>
                    </TextEquiv>
                </Word>
                <Word id="r_10_1l20_w4" custom="readingOrder {index:3;}">
                    <Coords points="1720,1805 1720,1865 1755,1865 1755,1805"/>
                    <TextEquiv>
                        <Unicode>&amp;</Unicode>
                    </TextEquiv>
                </Word>
                <Word id="r_10_1l20_w5" custom="readingOrder {index:4;}">
                    <Coords points="1774,1805 1774,1865 1856,1865 1856,1805"/>
                    <TextEquiv>
                        <Unicode>iam</Unicode>
                    </TextEquiv>
                </Word>
                <Word id="r_10_1l20_w6" custom="readingOrder {index:5;}">
                    <Coords points="1868,1805 1868,1865 2003,1865 2003,1805"/>
                    <TextEquiv>
                        <Unicode>incipit</Unicode>
                    </TextEquiv>
                </Word>
                <Word id="r_10_1l20_w7" custom="readingOrder {index:6;}">
                    <Coords points="2021,1804 2021,1864 2144,1864 2144,1804"/>
                    <TextEquiv>
                        <Unicode>semen</Unicode>
                    </TextEquiv>
                </Word>
                <Word id="r_10_1l20_w8" custom="readingOrder {index:7;}">
                    <Coords points="2162,1802 2162,1862 2315,1862 2315,1802"/>
                    <TextEquiv>
                        <Unicode>produ¬</Unicode>
                    </TextEquiv>
                </Word>
                <TextEquiv>
                    <Unicode>ribus est refertum, &amp; iam incipit semen produ¬</Unicode>
                </TextEquiv>
            </TextLine>
            <TextLine id="r_10_1l21" custom="readingOrder {index:21;}">
                <Coords points="1320,1906 2317,1913 2316,1871 2226,1851 1320,1859"/>
                <Baseline points="1332,1895 1380,1895 1429,1896 1477,1896 1526,1896 1575,1896 1623,1896 1672,1896 1720,1896 1769,1896 1818,1896 1866,1896 1915,1896 1963,1896 2012,1895 2061,1895 2109,1895 2158,1895 2206,1895 2255,1895 2304,1895"/>
                <Word id="r_10_1l21_w1" custom="readingOrder {index:0;}">
                    <Coords points="1321,1855 1321,1915 1413,1915 1413,1855"/>
                    <TextEquiv>
                        <Unicode>cere,</Unicode>
                    </TextEquiv>
                </Word>
                <Word id="r_10_1l21_w2" custom="readingOrder {index:1;}">
                    <Coords points="1430,1856 1430,1916 1516,1916 1516,1856"/>
                    <TextEquiv>
                        <Unicode>estque</Unicode>
                    </TextEquiv>
                </Word>
                <Word id="r_10_1l21_w3" custom="readingOrder {index:2;}">
                    <Coords points="1528,1856 1528,1916 1694,1916 1694,1856"/>
                    <TextEquiv>
                        <Unicode>universa</Unicode>
                    </TextEquiv>
                </Word>
                <Word id="r_10_1l21_w4" custom="readingOrder {index:3;}">
                    <Coords points="1723,1856 1723,1916 1849,1916 1849,1856"/>
                    <TextEquiv>
                        <Unicode>planta</Unicode>
                    </TextEquiv>
                </Word>
                <Word id="r_10_1l21_w5" custom="readingOrder {index:4;}">
                    <Coords points="1866,1856 1866,1916 1901,1916 1901,1856"/>
                    <TextEquiv>
                        <Unicode>in</Unicode>
                    </TextEquiv>
                </Word>
                <Word id="r_10_1l21_w6" custom="readingOrder {index:5;}">
                    <Coords points="1924,1856 1924,1916 1987,1916 1987,1856"/>
                    <TextEquiv>
                        <Unicode>usu</Unicode>
                    </TextEquiv>
                </Word>
                <Word id="r_10_1l21_w7" custom="readingOrder {index:6;}">
                    <Coords points="2010,1855 2010,1915 2137,1915 2137,1855"/>
                    <TextEquiv>
                        <Unicode>praeter</Unicode>
                    </TextEquiv>
                </Word>
                <Word id="r_10_1l21_w8" custom="readingOrder {index:7;}">
                    <Coords points="2154,1855 2154,1915 2314,1915 2314,1855"/>
                    <TextEquiv>
                        <Unicode>radices,</Unicode>
                    </TextEquiv>
                </Word>
                <TextEquiv>
                    <Unicode>cere, estque universa planta in usu praeter radices,</Unicode>
                </TextEquiv>
            </TextLine>
            <TextLine id="r_10_1l22" custom="readingOrder {index:22;}">
                <Coords points="1320,1958 2311,1975 2311,1916 2257,1905 1320,1909"/>
                <Baseline points="1334,1944 1382,1944 1430,1946 1478,1946 1526,1946 1575,1947 1623,1947 1671,1947 1719,1947 1767,1947 1816,1947 1864,1947 1912,1947 1960,1947 2008,1946 2057,1946 2105,1946 2153,1946 2201,1944 2249,1944 2298,1943"/>
                <Word id="r_10_1l22_w1" custom="readingOrder {index:0;}">
                    <Coords points="1321,1904 1321,1964 1360,1964 1360,1904"/>
                    <TextEquiv>
                        <Unicode>&amp;</Unicode>
                    </TextEquiv>
                </Word>
                <Word id="r_10_1l22_w2" custom="readingOrder {index:1;}">
                    <Coords points="1372,1906 1372,1966 1560,1966 1560,1906"/>
                    <TextEquiv>
                        <Unicode>lignosam</Unicode>
                    </TextEquiv>
                </Word>
                <Word id="r_10_1l22_w3" custom="readingOrder {index:2;}">
                    <Coords points="1589,1907 1589,1967 1732,1967 1732,1907"/>
                    <TextEquiv>
                        <Unicode>partem</Unicode>
                    </TextEquiv>
                </Word>
                <Word id="r_10_1l22_w4" custom="readingOrder {index:3;}">
                    <Coords points="1761,1907 1761,1967 1961,1967 1961,1907"/>
                    <TextEquiv>
                        <Unicode>quandam</Unicode>
                    </TextEquiv>
                </Word>
                <Word id="r_10_1l22_w5" custom="readingOrder {index:4;}">
                    <Coords points="1983,1906 1983,1966 2052,1966 2052,1906"/>
                    <TextEquiv>
                        <Unicode>illis</Unicode>
                    </TextEquiv>
                </Word>
                <Word id="r_10_1l22_w6" custom="readingOrder {index:5;}">
                    <Coords points="2074,1904 2074,1964 2314,1964 2314,1904"/>
                    <TextEquiv>
                        <Unicode>proximam:</Unicode>
                    </TextEquiv>
                </Word>
                <TextEquiv>
                    <Unicode>&amp; lignosam partem quandam illis proximam:</Unicode>
                </TextEquiv>
            </TextLine>
            <TextLine id="r_10_1l23" custom="readingOrder {index:23;}">
                <Coords points="1306,2028 1376,2004 2191,2008 2173,1956 1306,1947"/>
                <Baseline points="1319,1995 1361,1996 1404,1997 1447,1997 1490,1998 1533,1998 1576,1998 1619,1998 1662,1998 1705,1998 1748,1998 1790,1998 1833,1998 1876,1998 1919,1998 1962,1998 2005,1998 2048,1997 2091,1997 2134,1997 2177,1998"/>
                <Word id="r_10_1l23_w1" custom="readingOrder {index:0;}">
                    <Coords points="1313,1955 1313,2015 1353,2015 1353,1955"/>
                    <TextEquiv>
                        <Unicode>&amp;</Unicode>
                    </TextEquiv>
                </Word>
                <Word id="r_10_1l23_w2" custom="readingOrder {index:1;}">
                    <Coords points="1370,1957 1370,2017 1445,2017 1445,1957"/>
                    <TextEquiv>
                        <Unicode>quò</Unicode>
                    </TextEquiv>
                </Word>
                <Word id="r_10_1l23_w3" custom="readingOrder {index:2;}">
                    <Coords points="1468,1958 1468,2018 1583,2018 1583,1958"/>
                    <TextEquiv>
                        <Unicode>magis</Unicode>
                    </TextEquiv>
                </Word>
                <Word id="r_10_1l23_w4" custom="readingOrder {index:3;}">
                    <Coords points="1601,1958 1601,2018 1728,2018 1728,1958"/>
                    <TextEquiv>
                        <Unicode>allium</Unicode>
                    </TextEquiv>
                </Word>
                <Word id="r_10_1l23_w5" custom="readingOrder {index:4;}">
                    <Coords points="1745,1958 1745,2018 1906,2018 1906,1958"/>
                    <TextEquiv>
                        <Unicode>redolet,</Unicode>
                    </TextEquiv>
                </Word>
                <Word id="r_10_1l23_w6" custom="readingOrder {index:5;}">
                    <Coords points="1918,1958 1918,2018 1958,2018 1958,1958"/>
                    <TextEquiv>
                        <Unicode>eò</Unicode>
                    </TextEquiv>
                </Word>
                <Word id="r_10_1l23_w7" custom="readingOrder {index:6;}">
                    <Coords points="1981,1957 1981,2017 2108,2017 2108,1957"/>
                    <TextEquiv>
                        <Unicode>melius</Unicode>
                    </TextEquiv>
                </Word>
                <Word id="r_10_1l23_w8" custom="readingOrder {index:7;}">
                    <Coords points="2131,1957 2131,2017 2194,2017 2194,1957"/>
                    <TextEquiv>
                        <Unicode>est.</Unicode>
                    </TextEquiv>
                </Word>
                <TextEquiv>
                    <Unicode>&amp; quò magis allium redolet, eò melius est.</Unicode>
                </TextEquiv>
            </TextLine>
            <TextLine id="r_10_1l24" custom="readingOrder {index:24;} textStyle {offset:15; length:12;italic:true;} textStyle {offset:34; length:7;italic:true;}">
                <Coords points="1362,2062 2312,2063 2312,1975 1938,2022 1362,2005"/>
                <Baseline points="1376,2049 1422,2049 1468,2049 1514,2049 1560,2049 1606,2049 1652,2051 1698,2051 1744,2051 1790,2051 1837,2051 1883,2051 1929,2049 1975,2049 2021,2049 2067,2049 2113,2049 2159,2049 2205,2049 2251,2048 2298,2048"/>
                <Word id="r_10_1l24_w1" custom="readingOrder {index:0;}">
                    <Coords points="1364,2009 1364,2069 1594,2069 1594,2009"/>
                    <TextEquiv>
                        <Unicode>STOECHAS</Unicode>
                    </TextEquiv>
                </Word>
                <Word id="r_10_1l24_w2" custom="readingOrder {index:1;}">
                    <Coords points="1632,2011 1632,2071 1766,2071 1766,2011"/>
                    <TextEquiv>
                        <Unicode>(Germ</Unicode>
                    </TextEquiv>
                </Word>
                <Word id="r_10_1l24_w3" custom="readingOrder {index:2;}">
                    <Coords points="1792,2009 1792,2069 2060,2069 2060,2009"/>
                    <TextEquiv>
                        <Unicode>Stechastraut.</Unicode>
                    </TextEquiv>
                </Word>
                <Word id="r_10_1l24_w4" custom="readingOrder {index:3;}">
                    <Coords points="2072,2009 2072,2069 2161,2069 2161,2009"/>
                    <TextEquiv>
                        <Unicode>Gal.</Unicode>
                    </TextEquiv>
                </Word>
                <Word id="r_10_1l24_w5" custom="readingOrder {index:4;}">
                    <Coords points="2168,2008 2168,2068 2322,2068 2322,2008"/>
                    <TextEquiv>
                        <Unicode>Siechas.</Unicode>
                    </TextEquiv>
                </Word>
                <TextEquiv>
                    <Unicode>STOECHAS (Germ Stechaskraut. Gal. Stechas.</Unicode>
                </TextEquiv>
            </TextLine>
            <TextLine id="r_10_1l25" custom="readingOrder {index:25;} textStyle {offset:6; length:6;italic:true;} textStyle {offset:20; length:9;italic:true;}">
                <Coords points="1311,2115 2320,2130 2300,2057 1519,2073 1311,2026"/>
                <Baseline points="1325,2099 1374,2099 1423,2100 1472,2100 1521,2100 1570,2101 1619,2102 1668,2102 1717,2102 1766,2102 1816,2102 1865,2102 1914,2102 1963,2101 2012,2100 2061,2100 2110,2100 2159,2100 2208,2100 2257,2100 2307,2099"/>
                <Word id="r_10_1l25_w1" custom="readingOrder {index:0;}">
                    <Coords points="1313,2059 1313,2119 1407,2119 1407,2059"/>
                    <TextEquiv>
                        <Unicode>Ital.</Unicode>
                    </TextEquiv>
                </Word>
                <Word id="r_10_1l25_w2" custom="readingOrder {index:1;}">
                    <Coords points="1420,2060 1420,2120 1552,2120 1552,2060"/>
                    <TextEquiv>
                        <Unicode>Siecha.</Unicode>
                    </TextEquiv>
                </Word>
                <Word id="r_10_1l25_w3" custom="readingOrder {index:2;}">
                    <Coords points="1566,2061 1566,2121 1666,2121 1666,2061"/>
                    <TextEquiv>
                        <Unicode>Hisp.</Unicode>
                    </TextEquiv>
                </Word>
                <Word id="r_10_1l25_w4" custom="readingOrder {index:3;}">
                    <Coords points="1679,2062 1679,2122 1887,2122 1887,2062"/>
                    <TextEquiv>
                        <Unicode>Cantuessa.)</Unicode>
                    </TextEquiv>
                </Word>
                <Word id="r_10_1l25_w5" custom="readingOrder {index:4;}">
                    <Coords points="1893,2061 1893,2121 1995,2121 1995,2061"/>
                    <TextEquiv>
                        <Unicode>iuxta</Unicode>
                    </TextEquiv>
                </Word>
                <Word id="r_10_1l25_w6" custom="readingOrder {index:5;}">
                    <Coords points="2020,2060 2020,2120 2171,2120 2171,2060"/>
                    <TextEquiv>
                        <Unicode>Galliam</Unicode>
                    </TextEquiv>
                </Word>
                <Word id="r_10_1l25_w7" custom="readingOrder {index:6;}">
                    <Coords points="2196,2060 2196,2120 2235,2120 2235,2060"/>
                    <TextEquiv>
                        <Unicode>in</Unicode>
                    </TextEquiv>
                </Word>
                <Word id="r_10_1l25_w8" custom="readingOrder {index:7;}">
                    <Coords points="2247,2059 2247,2119 2310,2119 2310,2059"/>
                    <TextEquiv>
                        <Unicode>in¬</Unicode>
                    </TextEquiv>
                </Word>
                <TextEquiv>
                    <Unicode>Ital. Stecha. Hisp. Cantuessa.) iuxta Galliam in in¬</Unicode>
                </TextEquiv>
            </TextLine>
            <TextLine id="r_10_1l26" custom="readingOrder {index:26;}">
                <Coords points="1315,2170 2174,2183 2311,2170 2311,2108 1315,2110"/>
                <Baseline points="1329,2151 1377,2151 1425,2151 1474,2151 1522,2153 1571,2153 1619,2153 1668,2153 1716,2153 1765,2153 1813,2153 1861,2153 1910,2153 1958,2153 2007,2153 2055,2153 2104,2153 2152,2153 2201,2151 2249,2151 2298,2151"/>
                <Word id="r_10_1l26_w1" custom="readingOrder {index:0;}">
                    <Coords points="1317,2111 1317,2171 1400,2171 1400,2111"/>
                    <TextEquiv>
                        <Unicode>sulis</Unicode>
                    </TextEquiv>
                </Word>
                <Word id="r_10_1l26_w2" custom="readingOrder {index:1;}">
                    <Coords points="1419,2112 1419,2172 1585,2172 1585,2112"/>
                    <TextEquiv>
                        <Unicode>ejusdem</Unicode>
                    </TextEquiv>
                </Word>
                <Word id="r_10_1l26_w3" custom="readingOrder {index:2;}">
                    <Coords points="1604,2113 1604,2173 1777,2173 1777,2113"/>
                    <TextEquiv>
                        <Unicode>nominis</Unicode>
                    </TextEquiv>
                </Word>
                <Word id="r_10_1l26_w4" custom="readingOrder {index:3;}">
                    <Coords points="1796,2113 1796,2173 1809,2173 1809,2113"/>
                    <TextEquiv>
                        <Unicode>è</Unicode>
                    </TextEquiv>
                </Word>
                <Word id="r_10_1l26_w5" custom="readingOrder {index:4;}">
                    <Coords points="1828,2113 1828,2173 1982,2173 1982,2113"/>
                    <TextEquiv>
                        <Unicode>regione</Unicode>
                    </TextEquiv>
                </Word>
                <Word id="r_10_1l26_w6" custom="readingOrder {index:5;}">
                    <Coords points="2007,2113 2007,2173 2173,2173 2173,2113"/>
                    <TextEquiv>
                        <Unicode>Massilię,</Unicode>
                    </TextEquiv>
                </Word>
                <Word id="r_10_1l26_w7" custom="readingOrder {index:6;}">
                    <Coords points="2192,2111 2192,2171 2313,2171 2313,2111"/>
                    <TextEquiv>
                        <Unicode>gigni¬</Unicode>
                    </TextEquiv>
                </Word>
                <TextEquiv>
                    <Unicode>sulis ejusdem nominis è regione Massilię, gigni¬</Unicode>
                </TextEquiv>
            </TextLine>
            <TextLine id="r_10_1l27" custom="readingOrder {index:27;}">
                <Coords points="1320,2213 2321,2230 2321,2178 2275,2168 1320,2171"/>
                <Baseline points="1332,2201 1380,2202 1429,2202 1478,2204 1527,2204 1576,2204 1625,2204 1673,2204 1722,2204 1771,2204 1820,2204 1869,2204 1918,2204 1967,2204 2015,2204 2064,2202 2113,2202 2162,2202 2211,2202 2260,2202 2309,2204"/>
                <Word id="r_10_1l27_w1" custom="readingOrder {index:0;}">
                    <Coords points="1315,2161 1315,2221 1376,2221 1376,2161"/>
                    <TextEquiv>
                        <Unicode>tur</Unicode>
                    </TextEquiv>
                </Word>
                <Word id="r_10_1l27_w2" custom="readingOrder {index:1;}">
                    <Coords points="1398,2162 1398,2222 1432,2222 1432,2162"/>
                    <TextEquiv>
                        <Unicode>&amp;</Unicode>
                    </TextEquiv>
                </Word>
                <Word id="r_10_1l27_w3" custom="readingOrder {index:2;}">
                    <Coords points="1449,2163 1449,2223 1482,2223 1482,2163"/>
                    <TextEquiv>
                        <Unicode>in</Unicode>
                    </TextEquiv>
                </Word>
                <Word id="r_10_1l27_w4" custom="readingOrder {index:3;}">
                    <Coords points="1504,2164 1504,2224 1655,2224 1655,2164"/>
                    <TextEquiv>
                        <Unicode>Arabia.</Unicode>
                    </TextEquiv>
                </Word>
                <Word id="r_10_1l27_w5" custom="readingOrder {index:4;}">
                    <Coords points="1683,2164 1683,2224 1805,2224 1805,2164"/>
                    <TextEquiv>
                        <Unicode>Herba</Unicode>
                    </TextEquiv>
                </Word>
                <Word id="r_10_1l27_w6" custom="readingOrder {index:5;}">
                    <Coords points="1828,2164 1828,2224 2001,2224 2001,2164"/>
                    <TextEquiv>
                        <Unicode>tenuibus</Unicode>
                    </TextEquiv>
                </Word>
                <Word id="r_10_1l27_w7" custom="readingOrder {index:6;}">
                    <Coords points="2018,2162 2018,2222 2185,2222 2185,2162"/>
                    <TextEquiv>
                        <Unicode>surculis,</Unicode>
                    </TextEquiv>
                </Word>
                <Word id="r_10_1l27_w8" custom="readingOrder {index:7;}">
                    <Coords points="2196,2162 2196,2222 2308,2222 2308,2162"/>
                    <TextEquiv>
                        <Unicode>coma</Unicode>
                    </TextEquiv>
                </Word>
                <TextEquiv>
                    <Unicode>tur &amp; in Arabia. Herba tenuibus surculis, coma</Unicode>
                </TextEquiv>
            </TextLine>
            <TextLine id="r_10_1l28" custom="readingOrder {index:28;}">
                <Coords points="1261,2289 1316,2258 2320,2268 2320,2229 2232,2211 1261,2198"/>
                <Baseline points="1275,2246 1326,2249 1378,2251 1429,2252 1481,2254 1533,2255 1584,2256 1636,2256 1687,2256 1739,2256 1791,2256 1842,2256 1894,2256 1945,2255 1997,2255 2049,2255 2100,2253 2152,2253 2203,2253 2255,2253 2307,2253"/>
                <Word id="r_10_1l28_w1" custom="readingOrder {index:0;}">
                    <Coords points="1263,2206 1263,2266 1288,2266 1288,2206"/>
                    <TextEquiv>
                        <Unicode>E</Unicode>
                    </TextEquiv>
                </Word>
                <Word id="r_10_1l28_w2" custom="readingOrder {index:1;}">
                    <Coords points="1320,2211 1320,2271 1458,2271 1458,2211"/>
                    <TextEquiv>
                        <Unicode>thymi,</Unicode>
                    </TextEquiv>
                </Word>
                <Word id="r_10_1l28_w3" custom="readingOrder {index:2;}">
                    <Coords points="1465,2215 1465,2275 1610,2275 1610,2215"/>
                    <TextEquiv>
                        <Unicode>longiore</Unicode>
                    </TextEquiv>
                </Word>
                <Word id="r_10_1l28_w4" custom="readingOrder {index:3;}">
                    <Coords points="1629,2216 1629,2276 1743,2276 1743,2216"/>
                    <TextEquiv>
                        <Unicode>folio,</Unicode>
                    </TextEquiv>
                </Word>
                <Word id="r_10_1l28_w5" custom="readingOrder {index:4;}">
                    <Coords points="1749,2216 1749,2276 1938,2276 1938,2216"/>
                    <TextEquiv>
                        <Unicode>subamara</Unicode>
                    </TextEquiv>
                </Word>
                <Word id="r_10_1l28_w6" custom="readingOrder {index:5;}">
                    <Coords points="1963,2215 1963,2275 2083,2275 2083,2215"/>
                    <TextEquiv>
                        <Unicode>gustu,</Unicode>
                    </TextEquiv>
                </Word>
                <Word id="r_10_1l28_w7" custom="readingOrder {index:6;}">
                    <Coords points="2096,2213 2096,2273 2127,2273 2127,2213"/>
                    <TextEquiv>
                        <Unicode>&amp;</Unicode>
                    </TextEquiv>
                </Word>
                <Word id="r_10_1l28_w8" custom="readingOrder {index:7;}">
                    <Coords points="2140,2213 2140,2273 2316,2273 2316,2213"/>
                    <TextEquiv>
                        <Unicode>aliquan¬</Unicode>
                    </TextEquiv>
                </Word>
                <TextEquiv>
                    <Unicode>E thymi, longiore folio, subamara gustu, &amp; aliquan¬</Unicode>
                </TextEquiv>
            </TextLine>
            <TextLine id="r_10_1l29" custom="readingOrder {index:29;}">
                <Coords points="1315,2319 2200,2326 2317,2315 2317,2261 1315,2264"/>
                <Baseline points="1328,2306 1376,2306 1425,2306 1474,2306 1523,2306 1572,2307 1620,2307 1669,2307 1718,2307 1767,2307 1816,2307 1864,2307 1913,2307 1962,2307 2011,2307 2060,2307 2108,2306 2157,2306 2206,2306 2255,2304 2304,2304"/>
                <Word id="r_10_1l29_w1" custom="readingOrder {index:0;}">
                    <Coords points="1316,2266 1316,2326 1398,2326 1398,2266"/>
                    <TextEquiv>
                        <Unicode>tum</Unicode>
                    </TextEquiv>
                </Word>
                <Word id="r_10_1l29_w2" custom="readingOrder {index:1;}">
                    <Coords points="1416,2266 1416,2326 1522,2326 1522,2266"/>
                    <TextEquiv>
                        <Unicode>acris.</Unicode>
                    </TextEquiv>
                </Word>
                <Word id="r_10_1l29_w3" custom="readingOrder {index:2;}">
                    <Coords points="1528,2266 1528,2326 1557,2326 1557,2266"/>
                    <TextEquiv>
                        <Unicode>*</Unicode>
                    </TextEquiv>
                </Word>
                <Word id="r_10_1l29_w4" custom="readingOrder {index:3;}">
                    <Coords points="1580,2267 1580,2327 1692,2327 1692,2267"/>
                    <TextEquiv>
                        <Unicode>Cuius</Unicode>
                    </TextEquiv>
                </Word>
                <Word id="r_10_1l29_w5" custom="readingOrder {index:4;}">
                    <Coords points="1716,2267 1716,2327 1939,2327 1939,2267"/>
                    <TextEquiv>
                        <Unicode>decoctum,</Unicode>
                    </TextEquiv>
                </Word>
                <Word id="r_10_1l29_w6" custom="readingOrder {index:5;}">
                    <Coords points="1950,2267 1950,2327 2103,2327 2103,2267"/>
                    <TextEquiv>
                        <Unicode>hyssopi</Unicode>
                    </TextEquiv>
                </Word>
                <Word id="r_10_1l29_w7" custom="readingOrder {index:6;}">
                    <Coords points="2114,2266 2114,2326 2256,2326 2256,2266"/>
                    <TextEquiv>
                        <Unicode>modo,</Unicode>
                    </TextEquiv>
                </Word>
                <Word id="r_10_1l29_w8" custom="readingOrder {index:7;}">
                    <Coords points="2267,2264 2267,2324 2308,2324 2308,2264"/>
                    <TextEquiv>
                        <Unicode>ad</Unicode>
                    </TextEquiv>
                </Word>
                <TextEquiv>
                    <Unicode>tum acris. * Cuius decoctum, hyssopi modo, ad</Unicode>
                </TextEquiv>
            </TextLine>
            <TextLine id="r_10_1l30" custom="readingOrder {index:30;}">
                <Coords points="1313,2380 2317,2382 2273,2315 1313,2325"/>
                <Baseline points="1325,2357 1376,2357 1428,2357 1479,2358 1531,2358 1582,2358 1634,2358 1685,2358 1737,2358 1788,2358 1840,2358 1891,2358 1943,2358 1994,2358 2046,2358 2097,2358 2149,2358 2200,2357 2252,2357 2304,2357"/>
                <Word id="r_10_1l30_w1" custom="readingOrder {index:0;}">
                    <Coords points="1314,2317 1314,2377 1477,2377 1477,2317"/>
                    <TextEquiv>
                        <Unicode>pectoris</Unicode>
                    </TextEquiv>
                </Word>
                <Word id="r_10_1l30_w2" custom="readingOrder {index:1;}">
                    <Coords points="1501,2318 1501,2378 1579,2378 1579,2318"/>
                    <TextEquiv>
                        <Unicode>vitia</Unicode>
                    </TextEquiv>
                </Word>
                <Word id="r_10_1l30_w3" custom="readingOrder {index:2;}">
                    <Coords points="1597,2318 1597,2378 1730,2378 1730,2318"/>
                    <TextEquiv>
                        <Unicode>efficax</Unicode>
                    </TextEquiv>
                </Word>
                <Word id="r_10_1l30_w4" custom="readingOrder {index:3;}">
                    <Coords points="1754,2318 1754,2378 1815,2378 1815,2318"/>
                    <TextEquiv>
                        <Unicode>est.</Unicode>
                    </TextEquiv>
                </Word>
                <Word id="r_10_1l30_w5" custom="readingOrder {index:4;}">
                    <Coords points="1826,2318 1826,2378 2019,2378 2019,2318"/>
                    <TextEquiv>
                        <Unicode>Antidotis</Unicode>
                    </TextEquiv>
                </Word>
                <Word id="r_10_1l30_w6" custom="readingOrder {index:5;}">
                    <Coords points="2037,2318 2037,2378 2170,2378 2170,2318"/>
                    <TextEquiv>
                        <Unicode>utiliter</Unicode>
                    </TextEquiv>
                </Word>
                <Word id="r_10_1l30_w7" custom="readingOrder {index:6;}">
                    <Coords points="2187,2317 2187,2377 2320,2377 2320,2317"/>
                    <TextEquiv>
                        <Unicode>miscę¬</Unicode>
                    </TextEquiv>
                </Word>
                <TextEquiv>
                    <Unicode>pectoris vitia efficax est. Antidotis utiliter miscę¬</Unicode>
                </TextEquiv>
            </TextLine>
            <TextLine id="r_10_1l31" custom="readingOrder {index:31;}">
                <Coords points="1317,2419 2311,2423 2311,2381 2241,2366 1317,2377"/>
                <Baseline points="1329,2409 1377,2409 1425,2409 1474,2409 1522,2409 1571,2409 1619,2409 1667,2409 1716,2409 1764,2409 1813,2409 1861,2409 1909,2409 1958,2408 2006,2408 2055,2408 2103,2406 2151,2406 2200,2406 2248,2406 2297,2405"/>
                <Word id="r_10_1l31_w1" custom="readingOrder {index:0;}">
                    <Coords points="1312,2369 1312,2429 1386,2429 1386,2369"/>
                    <TextEquiv>
                        <Unicode>tur.</Unicode>
                    </TextEquiv>
                </Word>
                <Word id="r_10_1l31_w2" custom="readingOrder {index:1;}">
                    <Coords points="1408,2369 1408,2429 1552,2429 1552,2369"/>
                    <TextEquiv>
                        <Unicode>Viscera</Unicode>
                    </TextEquiv>
                </Word>
                <Word id="r_10_1l31_w3" custom="readingOrder {index:2;}">
                    <Coords points="1573,2369 1573,2429 1717,2429 1717,2369"/>
                    <TextEquiv>
                        <Unicode>omnia,</Unicode>
                    </TextEquiv>
                </Word>
                <Word id="r_10_1l31_w4" custom="readingOrder {index:3;}">
                    <Coords points="1738,2369 1738,2429 1776,2429 1776,2369"/>
                    <TextEquiv>
                        <Unicode>&amp;</Unicode>
                    </TextEquiv>
                </Word>
                <Word id="r_10_1l31_w5" custom="readingOrder {index:4;}">
                    <Coords points="1787,2369 1787,2429 2000,2429 2000,2369"/>
                    <TextEquiv>
                        <Unicode>universum</Unicode>
                    </TextEquiv>
                </Word>
                <Word id="r_10_1l31_w6" custom="readingOrder {index:5;}">
                    <Coords points="2016,2366 2016,2426 2219,2426 2219,2366"/>
                    <TextEquiv>
                        <Unicode>animantis</Unicode>
                    </TextEquiv>
                </Word>
                <Word id="r_10_1l31_w7" custom="readingOrder {index:6;}">
                    <Coords points="2235,2365 2235,2425 2309,2425 2309,2365"/>
                    <TextEquiv>
                        <Unicode>ha¬</Unicode>
                    </TextEquiv>
                </Word>
                <TextEquiv>
                    <Unicode>tur. Viscera omnia, &amp; universum animantis ha¬</Unicode>
                </TextEquiv>
            </TextLine>
            <TextLine id="r_10_1l32" custom="readingOrder {index:32;}">
                <Coords points="1314,2472 2316,2470 2285,2418 1314,2420"/>
                <Baseline points="1328,2459 1376,2459 1425,2459 1474,2460 1523,2460 1572,2460 1620,2460 1669,2460 1718,2460 1767,2460 1816,2459 1864,2459 1913,2459 1962,2459 2011,2459 2060,2459 2108,2459 2157,2457 2206,2457 2255,2457 2304,2457"/>
                <Word id="r_10_1l32_w1" custom="readingOrder {index:0;}">
                    <Coords points="1315,2419 1315,2479 1435,2479 1435,2419"/>
                    <TextEquiv>
                        <Unicode>bitum</Unicode>
                    </TextEquiv>
                </Word>
                <Word id="r_10_1l32_w2" custom="readingOrder {index:1;}">
                    <Coords points="1452,2420 1452,2480 1642,2480 1642,2420"/>
                    <TextEquiv>
                        <Unicode>extenuat,</Unicode>
                    </TextEquiv>
                </Word>
                <Word id="r_10_1l32_w3" custom="readingOrder {index:2;}">
                    <Coords points="1653,2419 1653,2479 1883,2479 1883,2419"/>
                    <TextEquiv>
                        <Unicode>confirmat,</Unicode>
                    </TextEquiv>
                </Word>
                <Word id="r_10_1l32_w4" custom="readingOrder {index:3;}">
                    <Coords points="1895,2419 1895,2479 1935,2479 1935,2419"/>
                    <TextEquiv>
                        <Unicode>&amp;</Unicode>
                    </TextEquiv>
                </Word>
                <Word id="r_10_1l32_w5" custom="readingOrder {index:4;}">
                    <Coords points="1946,2419 1946,2479 1986,2479 1986,2419"/>
                    <TextEquiv>
                        <Unicode>ab</Unicode>
                    </TextEquiv>
                </Word>
                <Word id="r_10_1l32_w6" custom="readingOrder {index:5;}">
                    <Coords points="2009,2417 2009,2477 2308,2477 2308,2417"/>
                    <TextEquiv>
                        <Unicode>obstructionibs</Unicode>
                    </TextEquiv>
                </Word>
                <TextEquiv>
                    <Unicode>bitum extenuat, confirmat, &amp; ab obstructionibus</Unicode>
                </TextEquiv>
            </TextLine>
            <TextLine id="r_10_1l33" custom="readingOrder {index:33;}">
                <Coords points="1306,2518 2313,2517 2282,2465 1306,2466"/>
                <Baseline points="1319,2510 1368,2510 1417,2510 1466,2511 1515,2511 1564,2511 1613,2511 1662,2513 1711,2513 1760,2513 1810,2513 1859,2513 1908,2511 1957,2511 2006,2511 2055,2511 2104,2511 2153,2510 2202,2510 2251,2508 2301,2508"/>
                <Word id="r_10_1l33_w1" custom="readingOrder {index:0;}">
                    <Coords points="1314,2470 1314,2530 1350,2530 1350,2470"/>
                    <TextEquiv>
                        <Unicode>&amp;</Unicode>
                    </TextEquiv>
                </Word>
                <Word id="r_10_1l33_w2" custom="readingOrder {index:1;}">
                    <Coords points="1368,2470 1368,2530 1527,2530 1527,2470"/>
                    <TextEquiv>
                        <Unicode>infarctu</Unicode>
                    </TextEquiv>
                </Word>
                <Word id="r_10_1l33_w3" custom="readingOrder {index:2;}">
                    <Coords points="1545,2471 1545,2531 1692,2531 1692,2471"/>
                    <TextEquiv>
                        <Unicode>liberat.</Unicode>
                    </TextEquiv>
                </Word>
                <Word id="r_10_1l33_w4" custom="readingOrder {index:3;}">
                    <Coords points="1704,2473 1704,2533 1961,2533 1961,2473"/>
                    <TextEquiv>
                        <Unicode>Decoctionis</Unicode>
                    </TextEquiv>
                </Word>
                <Word id="r_10_1l33_w5" custom="readingOrder {index:4;}">
                    <Coords points="1980,2471 1980,2531 2047,2531 2047,2471"/>
                    <TextEquiv>
                        <Unicode>ejus</Unicode>
                    </TextEquiv>
                </Word>
                <Word id="r_10_1l33_w6" custom="readingOrder {index:5;}">
                    <Coords points="2072,2470 2072,2530 2176,2530 2176,2470"/>
                    <TextEquiv>
                        <Unicode>potio</Unicode>
                    </TextEquiv>
                </Word>
                <Word id="r_10_1l33_w7" custom="readingOrder {index:6;}">
                    <Coords points="2200,2469 2200,2529 2243,2529 2243,2469"/>
                    <TextEquiv>
                        <Unicode>est</Unicode>
                    </TextEquiv>
                </Word>
                <Word id="r_10_1l33_w8" custom="readingOrder {index:7;}">
                    <Coords points="2261,2468 2261,2528 2304,2528 2304,2468"/>
                    <TextEquiv>
                        <Unicode>ab</Unicode>
                    </TextEquiv>
                </Word>
                <TextEquiv>
                    <Unicode>&amp; infarctu liberat. Decoctionis ejus potio est ab</Unicode>
                </TextEquiv>
            </TextLine>
            <TextLine id="r_10_1l34" custom="readingOrder {index:34;}">
                <Coords points="1321,2568 2276,2581 2318,2571 2318,2516 1321,2521"/>
                <Baseline points="1334,2556 1382,2559 1431,2561 1479,2562 1528,2564 1576,2564 1625,2564 1673,2565 1722,2565 1770,2564 1819,2564 1867,2564 1916,2564 1964,2563 2013,2562 2061,2562 2110,2562 2158,2562 2207,2562 2255,2562 2304,2562"/>
                <Word id="r_10_1l34_w1" custom="readingOrder {index:0;}">
                    <Coords points="1317,2516 1317,2576 1341,2576 1341,2516"/>
                    <TextEquiv>
                        <Unicode>3</Unicode>
                    </TextEquiv>
                </Word>
                <Word id="r_10_1l34_w2" custom="readingOrder {index:1;}">
                    <Coords points="1360,2518 1360,2578 1391,2578 1391,2518"/>
                    <TextEquiv>
                        <Unicode>v.</Unicode>
                    </TextEquiv>
                </Word>
                <Word id="r_10_1l34_w3" custom="readingOrder {index:2;}">
                    <Coords points="1403,2521 1403,2581 1484,2581 1484,2521"/>
                    <TextEquiv>
                        <Unicode>usque</Unicode>
                    </TextEquiv>
                </Word>
                <Word id="r_10_1l34_w4" custom="readingOrder {index:3;}">
                    <Coords points="1496,2523 1496,2583 1539,2583 1539,2523"/>
                    <TextEquiv>
                        <Unicode>ad</Unicode>
                    </TextEquiv>
                </Word>
                <Word id="r_10_1l34_w5" custom="readingOrder {index:4;}">
                    <Coords points="1552,2524 1552,2584 1577,2584 1577,2524"/>
                    <TextEquiv>
                        <Unicode>a</Unicode>
                    </TextEquiv>
                </Word>
                <Word id="r_10_1l34_w6" custom="readingOrder {index:5;}">
                    <Coords points="1596,2524 1596,2584 1651,2584 1651,2524"/>
                    <TextEquiv>
                        <Unicode>vij:</Unicode>
                    </TextEquiv>
                </Word>
                <Word id="r_10_1l34_w7" custom="readingOrder {index:6;}">
                    <Coords points="1663,2525 1663,2585 1695,2585 1695,2525"/>
                    <TextEquiv>
                        <Unicode>&amp;</Unicode>
                    </TextEquiv>
                </Word>
                <Word id="r_10_1l34_w8" custom="readingOrder {index:7;}">
                    <Coords points="1713,2524 1713,2584 1868,2584 1868,2524"/>
                    <TextEquiv>
                        <Unicode>pulveris</Unicode>
                    </TextEquiv>
                </Word>
                <Word id="r_10_1l34_w9" custom="readingOrder {index:8;}">
                    <Coords points="1893,2523 1893,2583 1968,2583 1968,2523"/>
                    <TextEquiv>
                        <Unicode>ejus</Unicode>
                    </TextEquiv>
                </Word>
                <Word id="r_10_1l34_w10" custom="readingOrder {index:9;}">
                    <Coords points="1992,2522 1992,2582 2005,2582 2005,2522"/>
                    <TextEquiv>
                        <Unicode>à</Unicode>
                    </TextEquiv>
                </Word>
                <Word id="r_10_1l34_w11" custom="readingOrder {index:10;}">
                    <Coords points="2023,2522 2023,2582 2035,2582 2035,2522"/>
                    <TextEquiv>
                        <Unicode>3</Unicode>
                    </TextEquiv>
                </Word>
                <Word id="r_10_1l34_w12" custom="readingOrder {index:11;}">
                    <Coords points="2054,2522 2054,2582 2086,2582 2086,2522"/>
                    <TextEquiv>
                        <Unicode>iij</Unicode>
                    </TextEquiv>
                </Word>
                <Word id="r_10_1l34_w13" custom="readingOrder {index:12;}">
                    <Coords points="2110,2522 2110,2582 2197,2582 2197,2522"/>
                    <TextEquiv>
                        <Unicode>usque</Unicode>
                    </TextEquiv>
                </Word>
                <Word id="r_10_1l34_w14" custom="readingOrder {index:13;}">
                    <Coords points="2210,2522 2210,2582 2253,2582 2253,2522"/>
                    <TextEquiv>
                        <Unicode>ad</Unicode>
                    </TextEquiv>
                </Word>
                <Word id="r_10_1l34_w15" custom="readingOrder {index:14;}">
                    <Coords points="2271,2522 2271,2582 2308,2582 2308,2522"/>
                    <TextEquiv>
                        <Unicode>v.</Unicode>
                    </TextEquiv>
                </Word>
                <TextEquiv>
                    <Unicode>ξ v. usque ad ξ vij: &amp; pulveris ejus à ξ iij usque ad v.</Unicode>
                </TextEquiv>
            </TextLine>
            <TextLine id="r_10_1l35" custom="readingOrder {index:35;}">
                <Coords points="1305,2643 2309,2642 2309,2572 1305,2571"/>
                <Baseline points="1319,2610 1367,2612 1416,2612 1465,2613 1514,2615 1563,2615 1612,2615 1661,2615 1710,2616 1759,2616 1808,2616 1856,2616 1905,2616 1954,2615 2003,2615 2052,2615 2101,2615 2150,2614 2199,2613 2248,2613 2297,2613"/>
                <Word id="r_10_1l35_w1" custom="readingOrder {index:0;}">
                    <Coords points="1313,2572 1313,2632 1512,2632 1512,2572"/>
                    <TextEquiv>
                        <Unicode>Praefertur</Unicode>
                    </TextEquiv>
                </Word>
                <Word id="r_10_1l35_w2" custom="readingOrder {index:1;}">
                    <Coords points="1538,2575 1538,2635 1694,2635 1694,2575"/>
                    <TextEquiv>
                        <Unicode>Arabica</Unicode>
                    </TextEquiv>
                </Word>
                <Word id="r_10_1l35_w3" custom="readingOrder {index:2;}">
                    <Coords points="1725,2576 1725,2636 1981,2636 1981,2576"/>
                    <TextEquiv>
                        <Unicode>Conservatur</Unicode>
                    </TextEquiv>
                </Word>
                <Word id="r_10_1l35_w4" custom="readingOrder {index:3;}">
                    <Coords points="2000,2575 2000,2635 2062,2635 2062,2575"/>
                    <TextEquiv>
                        <Unicode>per</Unicode>
                    </TextEquiv>
                </Word>
                <Word id="r_10_1l35_w5" custom="readingOrder {index:4;}">
                    <Coords points="2081,2573 2081,2633 2237,2633 2237,2573"/>
                    <TextEquiv>
                        <Unicode>annum,</Unicode>
                    </TextEquiv>
                </Word>
                <Word id="r_10_1l35_w6" custom="readingOrder {index:5;}">
                    <Coords points="2250,2573 2250,2633 2305,2633 2305,2573"/>
                    <TextEquiv>
                        <Unicode>vel</Unicode>
                    </TextEquiv>
                </Word>
                <TextEquiv>
                    <Unicode>Praefertur Arabica Conservatur per annum, vel</Unicode>
                </TextEquiv>
            </TextLine>
            <TextLine id="r_10_1l36" custom="readingOrder {index:36;} textStyle {offset:12; length:16;italic:true;}">
                <Coords points="1311,2685 1952,2685 1952,2631 1913,2625 1547,2640 1311,2623"/>
                <Baseline points="1325,2663 1355,2664 1386,2664 1416,2664 1447,2664 1478,2666 1508,2666 1539,2666 1570,2666 1600,2666 1631,2666 1662,2666 1692,2666 1723,2666 1754,2666 1784,2666 1815,2666 1846,2666 1876,2666 1907,2666 1938,2666"/>
                <Word id="r_10_1l36_w1" custom="readingOrder {index:0;}">
                    <Coords points="1317,2624 1317,2684 1452,2684 1452,2624"/>
                    <TextEquiv>
                        <Unicode>annos</Unicode>
                    </TextEquiv>
                </Word>
                <Word id="r_10_1l36_w2" custom="readingOrder {index:1;}">
                    <Coords points="1468,2626 1468,2686 1586,2686 1586,2626"/>
                    <TextEquiv>
                        <Unicode>duos.</Unicode>
                    </TextEquiv>
                </Word>
                <Word id="r_10_1l36_w3" custom="readingOrder {index:2;}">
                    <Coords points="1603,2626 1603,2686 1731,2686 1731,2626"/>
                    <TextEquiv>
                        <Unicode>Dioscor</Unicode>
                    </TextEquiv>
                </Word>
                <Word id="r_10_1l36_w4" custom="readingOrder {index:3;}">
                    <Coords points="1754,2626 1754,2686 1793,2686 1793,2626"/>
                    <TextEquiv>
                        <Unicode>&amp;</Unicode>
                    </TextEquiv>
                </Word>
                <Word id="r_10_1l36_w5" custom="readingOrder {index:4;}">
                    <Coords points="1810,2626 1810,2686 1939,2686 1939,2626"/>
                    <TextEquiv>
                        <Unicode>Mesue.</Unicode>
                    </TextEquiv>
                </Word>
                <TextEquiv>
                    <Unicode>annos duos. Dioscor. &amp; Mesue.</Unicode>
                </TextEquiv>
            </TextLine>
            <TextLine id="r_10_1l37" custom="readingOrder {index:37;}">
                <Coords points="1363,2727 2321,2738 2321,2657 2207,2641 2088,2641 1992,2687 1364,2683"/>
                <Baseline points="1376,2715 1422,2715 1469,2715 1515,2715 1562,2717 1608,2717 1655,2717 1701,2717 1748,2718 1794,2718 1841,2718 1888,2718 1934,2719 1981,2720 2027,2720 2074,2720 2120,2718 2167,2718 2213,2718 2260,2717 2307,2715"/>
                <Word id="r_10_1l37_w1" custom="readingOrder {index:0;}">
                    <Coords points="1374,2675 1374,2735 1517,2735 1517,2675"/>
                    <TextEquiv>
                        <Unicode>Siaechas</Unicode>
                    </TextEquiv>
                </Word>
                <Word id="r_10_1l37_w2" custom="readingOrder {index:1;}">
                    <Coords points="1539,2677 1539,2737 1813,2737 1813,2677"/>
                    <TextEquiv>
                        <Unicode>praeferebatur</Unicode>
                    </TextEquiv>
                </Word>
                <Word id="r_10_1l37_w3" custom="readingOrder {index:2;}">
                    <Coords points="1834,2678 1834,2738 1935,2738 1935,2678"/>
                    <TextEquiv>
                        <Unicode>aliis,</Unicode>
                    </TextEquiv>
                </Word>
                <Word id="r_10_1l37_w4" custom="readingOrder {index:3;}">
                    <Coords points="1956,2680 1956,2740 2043,2740 2043,2680"/>
                    <TextEquiv>
                        <Unicode>quae</Unicode>
                    </TextEquiv>
                </Word>
                <Word id="r_10_1l37_w5" custom="readingOrder {index:4;}">
                    <Coords points="2057,2678 2057,2738 2308,2738 2308,2678"/>
                    <TextEquiv>
                        <Unicode>proveniebat</Unicode>
                    </TextEquiv>
                </Word>
                <TextEquiv>
                    <Unicode>Stoechas praeferebatur aliis, quae proveniebat</Unicode>
                </TextEquiv>
            </TextLine>
            <TextLine id="r_10_1l38" custom="readingOrder {index:38;}">
                <Coords points="1309,2789 2311,2787 2311,2730 2272,2727 1310,2721"/>
                <Baseline points="1323,2765 1371,2766 1420,2766 1469,2766 1518,2768 1566,2768 1615,2768 1664,2768 1713,2769 1761,2769 1810,2769 1859,2769 1908,2769 1956,2769 2005,2769 2054,2769 2103,2769 2151,2769 2200,2769 2249,2769 2298,2768"/>
                <Word id="r_10_1l38_w1" custom="readingOrder {index:0;}">
                    <Coords points="1311,2725 1311,2785 1347,2785 1347,2725"/>
                    <TextEquiv>
                        <Unicode>in</Unicode>
                    </TextEquiv>
                </Word>
                <Word id="r_10_1l38_w2" custom="readingOrder {index:1;}">
                    <Coords points="1365,2726 1365,2786 1494,2786 1494,2726"/>
                    <TextEquiv>
                        <Unicode>Insulis</Unicode>
                    </TextEquiv>
                </Word>
                <Word id="r_10_1l38_w3" custom="readingOrder {index:2;}">
                    <Coords points="1513,2728 1513,2788 1757,2788 1757,2728"/>
                    <TextEquiv>
                        <Unicode>Stoechadib.</Unicode>
                    </TextEquiv>
                </Word>
                <Word id="r_10_1l38_w4" custom="readingOrder {index:3;}">
                    <Coords points="1775,2729 1775,2789 1879,2789 1879,2729"/>
                    <TextEquiv>
                        <Unicode>dictis</Unicode>
                    </TextEquiv>
                </Word>
                <Word id="r_10_1l38_w5" custom="readingOrder {index:4;}">
                    <Coords points="1904,2729 1904,2789 2057,2789 2057,2729"/>
                    <TextEquiv>
                        <Unicode>Galliae,</Unicode>
                    </TextEquiv>
                </Word>
                <Word id="r_10_1l38_w6" custom="readingOrder {index:5;}">
                    <Coords points="2075,2729 2075,2789 2179,2789 2179,2729"/>
                    <TextEquiv>
                        <Unicode>unde</Unicode>
                    </TextEquiv>
                </Word>
                <Word id="r_10_1l38_w7" custom="readingOrder {index:6;}">
                    <Coords points="2197,2728 2197,2788 2308,2788 2308,2728"/>
                    <TextEquiv>
                        <Unicode>etiam</Unicode>
                    </TextEquiv>
                </Word>
                <TextEquiv>
                    <Unicode>in Insulis Stoechadibus dictis Galliae, unde etiam</Unicode>
                </TextEquiv>
            </TextLine>
            <TextLine id="r_10_1l39" custom="readingOrder {index:39;}">
                <Coords points="1310,2827 2322,2849 2322,2790 2262,2779 1310,2789"/>
                <Baseline points="1322,2819 1371,2819 1420,2819 1470,2819 1519,2819 1568,2820 1618,2820 1667,2820 1716,2820 1766,2820 1815,2820 1864,2820 1914,2822 1963,2822 2012,2822 2062,2820 2111,2820 2160,2820 2210,2820 2259,2819 2309,2819"/>
                <Word id="r_10_1l39_w1" custom="readingOrder {index:0;}">
                    <Coords points="1310,2779 1310,2839 1459,2839 1459,2779"/>
                    <TextEquiv>
                        <Unicode>nomen</Unicode>
                    </TextEquiv>
                </Word>
                <Word id="r_10_1l39_w2" custom="readingOrder {index:1;}">
                    <Coords points="1475,2779 1475,2839 1629,2839 1629,2779"/>
                    <TextEquiv>
                        <Unicode>accepit:</Unicode>
                    </TextEquiv>
                </Word>
                <Word id="r_10_1l39_w3" custom="readingOrder {index:2;}">
                    <Coords points="1645,2780 1645,2840 1816,2840 1816,2780"/>
                    <TextEquiv>
                        <Unicode>similiter</Unicode>
                    </TextEquiv>
                </Word>
                <Word id="r_10_1l39_w4" custom="readingOrder {index:3;}">
                    <Coords points="1837,2780 1837,2840 1864,2840 1864,2780"/>
                    <TextEquiv>
                        <Unicode>&amp;</Unicode>
                    </TextEquiv>
                </Word>
                <Word id="r_10_1l39_w5" custom="readingOrder {index:4;}">
                    <Coords points="1886,2782 1886,2842 2029,2842 2029,2782"/>
                    <TextEquiv>
                        <Unicode>Cretica</Unicode>
                    </TextEquiv>
                </Word>
                <Word id="r_10_1l39_w6" custom="readingOrder {index:5;}">
                    <Coords points="2051,2780 2051,2840 2315,2840 2315,2780"/>
                    <TextEquiv>
                        <Unicode>commenda¬</Unicode>
                    </TextEquiv>
                </Word>
                <TextEquiv>
                    <Unicode>nomen accepit: similiter &amp; Cretica commenda¬</Unicode>
                </TextEquiv>
            </TextLine>
            <TextLine id="r_10_1l40" custom="readingOrder {index:40;}">
                <Coords points="1304,2884 2316,2889 2262,2830 1304,2829"/>
                <Baseline points="1317,2870 1366,2871 1415,2871 1465,2871 1514,2871 1563,2871 1613,2871 1662,2871 1711,2871 1761,2871 1810,2871 1859,2871 1909,2871 1958,2871 2007,2871 2057,2871 2106,2871 2155,2871 2205,2871 2254,2871 2304,2873"/>
                <Word id="r_10_1l40_w1" custom="readingOrder {index:0;}">
                    <Coords points="1311,2831 1311,2891 1437,2891 1437,2831"/>
                    <TextEquiv>
                        <Unicode>batur.</Unicode>
                    </TextEquiv>
                </Word>
                <Word id="r_10_1l40_w2" custom="readingOrder {index:1;}">
                    <Coords points="1449,2831 1449,2891 1671,2891 1671,2831"/>
                    <TextEquiv>
                        <Unicode>quanquam</Unicode>
                    </TextEquiv>
                </Word>
                <Word id="r_10_1l40_w3" custom="readingOrder {index:2;}">
                    <Coords points="1689,2831 1689,2891 1785,2891 1785,2831"/>
                    <TextEquiv>
                        <Unicode>hanc</Unicode>
                    </TextEquiv>
                </Word>
                <Word id="r_10_1l40_w4" custom="readingOrder {index:3;}">
                    <Coords points="1803,2831 1803,2891 1923,2891 1923,2831"/>
                    <TextEquiv>
                        <Unicode>magis</Unicode>
                    </TextEquiv>
                </Word>
                <Word id="r_10_1l40_w5" custom="readingOrder {index:4;}">
                    <Coords points="1941,2831 1941,2891 2055,2891 2055,2831"/>
                    <TextEquiv>
                        <Unicode>quàm</Unicode>
                    </TextEquiv>
                </Word>
                <Word id="r_10_1l40_w6" custom="readingOrder {index:5;}">
                    <Coords points="2073,2831 2073,2891 2175,2891 2175,2831"/>
                    <TextEquiv>
                        <Unicode>illam</Unicode>
                    </TextEquiv>
                </Word>
                <Word id="r_10_1l40_w7" custom="readingOrder {index:6;}">
                    <Coords points="2199,2831 2199,2891 2283,2891 2283,2831"/>
                    <TextEquiv>
                        <Unicode>Gal.</Unicode>
                    </TextEquiv>
                </Word>
                <Word id="r_10_1l40_w8" custom="readingOrder {index:7;}">
                    <Coords points="2289,2833 2289,2893 2319,2893 2319,2833"/>
                    <TextEquiv>
                        <Unicode>I.</Unicode>
                    </TextEquiv>
                </Word>
                <TextEquiv>
                    <Unicode>batur. quanquam hanc magis quàm illam Gal. I.</Unicode>
                </TextEquiv>
            </TextLine>
            <TextLine id="r_10_1l41" custom="readingOrder {index:41;}">
                <Coords points="1306,2931 2305,2944 2328,2882 1305,2885"/>
                <Baseline points="1319,2924 1368,2924 1418,2924 1468,2924 1518,2924 1568,2924 1617,2924 1667,2924 1717,2924 1767,2924 1817,2924 1866,2924 1916,2924 1966,2923 2016,2922 2066,2922 2115,2922 2165,2922 2215,2922 2265,2922 2315,2922"/>
                <Word id="r_10_1l41_w1" custom="readingOrder {index:0;}">
                    <Coords points="1313,2884 1313,2944 1355,2944 1355,2884"/>
                    <TextEquiv>
                        <Unicode>de</Unicode>
                    </TextEquiv>
                </Word>
                <Word id="r_10_1l41_w2" custom="readingOrder {index:1;}">
                    <Coords points="1379,2884 1379,2944 1506,2944 1506,2884"/>
                    <TextEquiv>
                        <Unicode>Antid.</Unicode>
                    </TextEquiv>
                </Word>
                <Word id="r_10_1l41_w3" custom="readingOrder {index:2;}">
                    <Coords points="1518,2884 1518,2944 1585,2944 1585,2884"/>
                    <TextEquiv>
                        <Unicode>lib.</Unicode>
                    </TextEquiv>
                </Word>
                <Word id="r_10_1l41_w4" custom="readingOrder {index:3;}">
                    <Coords points="1603,2884 1603,2944 1840,2944 1840,2884"/>
                    <TextEquiv>
                        <Unicode>probaverit.</Unicode>
                    </TextEquiv>
                </Word>
                <Word id="r_10_1l41_w5" custom="readingOrder {index:4;}">
                    <Coords points="1864,2883 1864,2943 1985,2943 1985,2883"/>
                    <TextEquiv>
                        <Unicode>Nunc</Unicode>
                    </TextEquiv>
                </Word>
                <Word id="r_10_1l41_w6" custom="readingOrder {index:5;}">
                    <Coords points="2016,2882 2016,2942 2319,2942 2319,2882"/>
                    <TextEquiv>
                        <Unicode>praestantissima</Unicode>
                    </TextEquiv>
                </Word>
                <TextEquiv>
                    <Unicode>de Antid. lib. probaverit. Nunc praestantissima</Unicode>
                </TextEquiv>
            </TextLine>
            <TextLine id="r_10_1l42" custom="readingOrder {index:42;}">
                <Coords points="1319,2986 2323,2991 2323,2947 2268,2931 1319,2934"/>
                <Baseline points="1331,2975 1379,2975 1428,2975 1477,2975 1526,2976 1575,2976 1624,2976 1673,2976 1722,2976 1771,2975 1820,2975 1868,2975 1917,2975 1966,2975 2015,2975 2064,2975 2113,2973 2162,2973 2211,2973 2260,2973 2309,2973"/>
                <Word id="r_10_1l42_w1" custom="readingOrder {index:0;}">
                    <Coords points="1319,2935 1319,2995 1478,2995 1478,2935"/>
                    <TextEquiv>
                        <Unicode>habetur</Unicode>
                    </TextEquiv>
                </Word>
                <Word id="r_10_1l42_w2" custom="readingOrder {index:1;}">
                    <Coords points="1500,2936 1500,2996 1670,2996 1670,2936"/>
                    <TextEquiv>
                        <Unicode>Arabica,</Unicode>
                    </TextEquiv>
                </Word>
                <Word id="r_10_1l42_w3" custom="readingOrder {index:2;}">
                    <Coords points="1680,2935 1680,2995 1784,2995 1784,2935"/>
                    <TextEquiv>
                        <Unicode>unde</Unicode>
                    </TextEquiv>
                </Word>
                <Word id="r_10_1l42_w4" custom="readingOrder {index:3;}">
                    <Coords points="1801,2935 1801,2995 1910,2995 1910,2935"/>
                    <TextEquiv>
                        <Unicode>etiam</Unicode>
                    </TextEquiv>
                </Word>
                <Word id="r_10_1l42_w5" custom="readingOrder {index:4;}">
                    <Coords points="1933,2934 1933,2994 2211,2994 2211,2934"/>
                    <TextEquiv>
                        <Unicode>consueverunt</Unicode>
                    </TextEquiv>
                </Word>
                <Word id="r_10_1l42_w6" custom="readingOrder {index:5;}">
                    <Coords points="2234,2933 2234,2993 2316,2993 2316,2933"/>
                    <TextEquiv>
                        <Unicode>Me¬</Unicode>
                    </TextEquiv>
                </Word>
                <TextEquiv>
                    <Unicode>habetur Arabica, unde etiam consueverunt Me¬</Unicode>
                </TextEquiv>
            </TextLine>
            <TextLine id="r_10_1l43" custom="readingOrder {index:43;}">
                <Coords points="1311,3039 2328,3036 2328,2989 2286,2984 1311,2989"/>
                <Baseline points="1325,3024 1374,3026 1424,3026 1473,3027 1523,3027 1572,3027 1622,3027 1671,3027 1721,3027 1770,3026 1820,3026 1870,3026 1919,3026 1969,3026 2018,3026 2068,3026 2117,3026 2167,3026 2216,3026 2266,3027 2316,3027"/>
                <Word id="r_10_1l43_w1" custom="readingOrder {index:0;}">
                    <Coords points="1312,2985 1312,3045 1388,3045 1388,2985"/>
                    <TextEquiv>
                        <Unicode>dici</Unicode>
                    </TextEquiv>
                </Word>
                <Word id="r_10_1l43_w2" custom="readingOrder {index:1;}">
                    <Coords points="1406,2986 1406,3046 1535,3046 1535,2986"/>
                    <TextEquiv>
                        <Unicode>nostro</Unicode>
                    </TextEquiv>
                </Word>
                <Word id="r_10_1l43_w3" custom="readingOrder {index:2;}">
                    <Coords points="1558,2987 1558,3047 1734,3047 1734,2987"/>
                    <TextEquiv>
                        <Unicode>tempore</Unicode>
                    </TextEquiv>
                </Word>
                <Word id="r_10_1l43_w4" custom="readingOrder {index:3;}">
                    <Coords points="1751,2986 1751,3046 1786,3046 1786,2986"/>
                    <TextEquiv>
                        <Unicode>in</Unicode>
                    </TextEquiv>
                </Word>
                <Word id="r_10_1l43_w5" custom="readingOrder {index:4;}">
                    <Coords points="1804,2986 1804,3046 1874,3046 1874,2986"/>
                    <TextEquiv>
                        <Unicode>suis</Unicode>
                    </TextEquiv>
                </Word>
                <Word id="r_10_1l43_w6" custom="readingOrder {index:5;}">
                    <Coords points="1892,2986 1892,3046 2214,3046 2214,2986"/>
                    <TextEquiv>
                        <Unicode>compositionibs</Unicode>
                    </TextEquiv>
                </Word>
                <Word id="r_10_1l43_w7" custom="readingOrder {index:6;}">
                    <Coords points="2226,2987 2226,3047 2308,3047 2308,2987"/>
                    <TextEquiv>
                        <Unicode>eam</Unicode>
                    </TextEquiv>
                </Word>
                <TextEquiv>
                    <Unicode>dici nostro tempore in suis compositionibs eam</Unicode>
                </TextEquiv>
            </TextLine>
            <TextLine id="r_10_1l44" custom="readingOrder {index:44;}">
                <Coords points="1304,3098 2256,3101 2324,3091 2324,3037 1304,3040"/>
                <Baseline points="1316,3074 1365,3075 1415,3077 1465,3077 1514,3078 1564,3078 1614,3078 1663,3078 1713,3078 1763,3078 1813,3078 1862,3077 1912,3077 1962,3077 2011,3077 2061,3077 2111,3077 2160,3077 2210,3078 2260,3078 2310,3080"/>
                <Word id="r_10_1l44_w1" custom="readingOrder {index:0;}">
                    <Coords points="1305,3035 1305,3095 1451,3095 1451,3035"/>
                    <TextEquiv>
                        <Unicode>vocare</Unicode>
                    </TextEquiv>
                </Word>
                <Word id="r_10_1l44_w2" custom="readingOrder {index:1;}">
                    <Coords points="1474,3038 1474,3098 1615,3098 1615,3038"/>
                    <TextEquiv>
                        <Unicode>semper</Unicode>
                    </TextEquiv>
                </Word>
                <Word id="r_10_1l44_w3" custom="readingOrder {index:2;}">
                    <Coords points="1638,3038 1638,3098 1889,3098 1889,3038"/>
                    <TextEquiv>
                        <Unicode>Stoechadem</Unicode>
                    </TextEquiv>
                </Word>
                <Word id="r_10_1l44_w4" custom="readingOrder {index:3;}">
                    <Coords points="1906,3037 1906,3097 2123,3097 2123,3037"/>
                    <TextEquiv>
                        <Unicode>Arabicam.</Unicode>
                    </TextEquiv>
                </Word>
                <Word id="r_10_1l44_w5" custom="readingOrder {index:4;}">
                    <Coords points="2140,3037 2140,3097 2263,3097 2263,3037"/>
                    <TextEquiv>
                        <Unicode>Quare</Unicode>
                    </TextEquiv>
                </Word>
                <Word id="r_10_1l44_w6" custom="readingOrder {index:5;}">
                    <Coords points="2286,3039 2286,3099 2315,3099 2315,3039"/>
                    <TextEquiv>
                        <Unicode>si</Unicode>
                    </TextEquiv>
                </Word>
                <TextEquiv>
                    <Unicode>vocare semper Stoechadem Arabicam. Quare si</Unicode>
                </TextEquiv>
            </TextLine>
            <TextLine id="r_10_1l45" custom="readingOrder {index:45;}">
                <Coords points="1314,3142 2326,3137 2293,3087 1314,3088"/>
                <Baseline points="1328,3129 1377,3129 1426,3129 1475,3129 1525,3129 1574,3129 1623,3129 1672,3129 1722,3128 1771,3128 1820,3128 1869,3128 1919,3128 1968,3128 2017,3128 2066,3128 2116,3129 2165,3129 2214,3129 2263,3129 2313,3129"/>
                <Word id="r_10_1l45_w1" custom="readingOrder {index:0;}">
                    <Coords points="1325,3089 1325,3149 1401,3149 1401,3089"/>
                    <TextEquiv>
                        <Unicode>haec</Unicode>
                    </TextEquiv>
                </Word>
                <Word id="r_10_1l45_w2" custom="readingOrder {index:1;}">
                    <Coords points="1418,3089 1418,3149 1456,3149 1456,3089"/>
                    <TextEquiv>
                        <Unicode>ex</Unicode>
                    </TextEquiv>
                </Word>
                <Word id="r_10_1l45_w3" custom="readingOrder {index:2;}">
                    <Coords points="1478,3089 1478,3149 1609,3149 1609,3089"/>
                    <TextEquiv>
                        <Unicode>Arabia</Unicode>
                    </TextEquiv>
                </Word>
                <Word id="r_10_1l45_w4" custom="readingOrder {index:3;}">
                    <Coords points="1626,3088 1626,3148 1740,3148 1740,3088"/>
                    <TextEquiv>
                        <Unicode>recens,</Unicode>
                    </TextEquiv>
                </Word>
                <Word id="r_10_1l45_w5" custom="readingOrder {index:4;}">
                    <Coords points="1751,3088 1751,3148 1937,3148 1937,3088"/>
                    <TextEquiv>
                        <Unicode>odorata,</Unicode>
                    </TextEquiv>
                </Word>
                <Word id="r_10_1l45_w6" custom="readingOrder {index:5;}">
                    <Coords points="1953,3088 1953,3148 2106,3148 2106,3088"/>
                    <TextEquiv>
                        <Unicode>subama</Unicode>
                    </TextEquiv>
                </Word>
                <Word id="r_10_1l45_w7" custom="readingOrder {index:6;}">
                    <Coords points="2116,3089 2116,3149 2259,3149 2259,3089"/>
                    <TextEquiv>
                        <Unicode>rescens</Unicode>
                    </TextEquiv>
                </Word>
                <Word id="r_10_1l45_w8" custom="readingOrder {index:7;}">
                    <Coords points="2281,3089 2281,3149 2319,3149 2319,3089"/>
                    <TextEquiv>
                        <Unicode>&amp;</Unicode>
                    </TextEquiv>
                </Word>
                <TextEquiv>
                    <Unicode>haec ex Arabia recens, odorata, subama rescens &amp;</Unicode>
                </TextEquiv>
            </TextLine>
            <TextLine id="r_10_1l46" custom="readingOrder {index:46;}">
                <Coords points="1302,3205 2252,3204 2330,3191 2330,3134 1302,3140"/>
                <Baseline points="1316,3180 1366,3180 1416,3180 1466,3180 1516,3180 1566,3180 1616,3180 1666,3180 1716,3180 1766,3180 1816,3180 1866,3179 1916,3179 1966,3179 2016,3180 2066,3180 2116,3180 2166,3180 2216,3182 2266,3183 2316,3185"/>
                <Word id="r_10_1l46_w1" custom="readingOrder {index:0;}">
                    <Coords points="1310,3140 1310,3200 1402,3200 1402,3140"/>
                    <TextEquiv>
                        <Unicode>acris</Unicode>
                    </TextEquiv>
                </Word>
                <Word id="r_10_1l46_w2" custom="readingOrder {index:1;}">
                    <Coords points="1426,3140 1426,3200 1555,3200 1555,3140"/>
                    <TextEquiv>
                        <Unicode>quoad</Unicode>
                    </TextEquiv>
                </Word>
                <Word id="r_10_1l46_w3" custom="readingOrder {index:2;}">
                    <Coords points="1579,3140 1579,3200 1696,3200 1696,3140"/>
                    <TextEquiv>
                        <Unicode>gustum</Unicode>
                    </TextEquiv>
                </Word>
                <Word id="r_10_1l46_w4" custom="readingOrder {index:3;}">
                    <Coords points="1708,3140 1708,3200 1837,3200 1837,3140"/>
                    <TextEquiv>
                        <Unicode>haberi</Unicode>
                    </TextEquiv>
                </Word>
                <Word id="r_10_1l46_w5" custom="readingOrder {index:4;}">
                    <Coords points="1855,3139 1855,3199 2021,3199 2021,3139"/>
                    <TextEquiv>
                        <Unicode>poterit,</Unicode>
                    </TextEquiv>
                </Word>
                <Word id="r_10_1l46_w6" custom="readingOrder {index:5;}">
                    <Coords points="2039,3140 2039,3200 2174,3200 2174,3140"/>
                    <TextEquiv>
                        <Unicode>potiùs</Unicode>
                    </TextEquiv>
                </Word>
                <Word id="r_10_1l46_w7" custom="readingOrder {index:6;}">
                    <Coords points="2192,3142 2192,3202 2314,3202 2314,3142"/>
                    <TextEquiv>
                        <Unicode>hanc,</Unicode>
                    </TextEquiv>
                </Word>
                <TextEquiv>
                    <Unicode>acris quoad gustum haberi poterit, potiùs hanc,</Unicode>
                </TextEquiv>
            </TextLine>
            <TextLine id="r_10_1l47" custom="readingOrder {index:47;}">
                <Coords points="1318,3252 2270,3240 2330,3266 2330,3191 1318,3203"/>
                <Baseline points="1331,3233 1380,3233 1429,3233 1478,3233 1528,3233 1577,3233 1626,3233 1675,3233 1725,3233 1774,3232 1823,3231 1872,3231 1922,3231 1971,3231 2020,3231 2069,3231 2119,3231 2168,3231 2217,3233 2266,3233 2316,3234"/>
                <Word id="r_10_1l47_w1" custom="readingOrder {index:0;}">
                    <Coords points="1319,3193 1319,3253 1438,3253 1438,3193"/>
                    <TextEquiv>
                        <Unicode>quàm</Unicode>
                    </TextEquiv>
                </Word>
                <Word id="r_10_1l47_w2" custom="readingOrder {index:1;}">
                    <Coords points="1457,3193 1457,3253 1593,3253 1593,3193"/>
                    <TextEquiv>
                        <Unicode>aliam,</Unicode>
                    </TextEquiv>
                </Word>
                <Word id="r_10_1l47_w3" custom="readingOrder {index:2;}">
                    <Coords points="1606,3193 1606,3253 1784,3253 1784,3193"/>
                    <TextEquiv>
                        <Unicode>usurpare</Unicode>
                    </TextEquiv>
                </Word>
                <Word id="r_10_1l47_w4" custom="readingOrder {index:3;}">
                    <Coords points="1802,3191 1802,3251 2005,3251 2005,3191"/>
                    <TextEquiv>
                        <Unicode>debemus.</Unicode>
                    </TextEquiv>
                </Word>
                <Word id="r_10_1l47_w5" custom="readingOrder {index:4;}">
                    <Coords points="2023,3191 2023,3251 2071,3251 2071,3191"/>
                    <TextEquiv>
                        <Unicode>At</Unicode>
                    </TextEquiv>
                </Word>
                <Word id="r_10_1l47_w6" custom="readingOrder {index:5;}">
                    <Coords points="2083,3191 2083,3251 2106,3251 2106,3191"/>
                    <TextEquiv>
                        <Unicode>si</Unicode>
                    </TextEquiv>
                </Word>
                <Word id="r_10_1l47_w7" custom="readingOrder {index:6;}">
                    <Coords points="2125,3193 2125,3253 2321,3253 2321,3193"/>
                    <TextEquiv>
                        <Unicode>ejusmodi</Unicode>
                    </TextEquiv>
                </Word>
                <TextEquiv>
                    <Unicode>quàm aliam, usurpare debemus. At si ejusmodi</Unicode>
                </TextEquiv>
            </TextLine>
            <TextLine id="r_10_1l48" custom="readingOrder {index:48;}">
                <Coords points="1307,3300 2335,3312 2335,3266 2267,3240 1307,3256"/>
                <Baseline points="1320,3284 1370,3284 1420,3284 1470,3284 1520,3285 1570,3285 1620,3285 1670,3285 1720,3285 1770,3284 1821,3284 1871,3284 1921,3284 1971,3284 2021,3284 2071,3284 2121,3284 2171,3284 2221,3284 2271,3284 2322,3284"/>
                <Word id="r_10_1l48_w1" custom="readingOrder {index:0;}">
                    <Coords points="1314,3244 1314,3304 1359,3304 1359,3244"/>
                    <TextEquiv>
                        <Unicode>ad</Unicode>
                    </TextEquiv>
                </Word>
                <Word id="r_10_1l48_w2" custom="readingOrder {index:1;}">
                    <Coords points="1382,3244 1382,3304 1515,3304 1515,3244"/>
                    <TextEquiv>
                        <Unicode>manus</Unicode>
                    </TextEquiv>
                </Word>
                <Word id="r_10_1l48_w3" custom="readingOrder {index:2;}">
                    <Coords points="1544,3245 1544,3305 1619,3305 1619,3245"/>
                    <TextEquiv>
                        <Unicode>non</Unicode>
                    </TextEquiv>
                </Word>
                <Word id="r_10_1l48_w4" custom="readingOrder {index:3;}">
                    <Coords points="1636,3245 1636,3305 1699,3305 1699,3245"/>
                    <TextEquiv>
                        <Unicode>sit,</Unicode>
                    </TextEquiv>
                </Word>
                <Word id="r_10_1l48_w5" custom="readingOrder {index:4;}">
                    <Coords points="1722,3244 1722,3304 1854,3304 1854,3244"/>
                    <TextEquiv>
                        <Unicode>saltem</Unicode>
                    </TextEquiv>
                </Word>
                <Word id="r_10_1l48_w6" custom="readingOrder {index:5;}">
                    <Coords points="1872,3244 1872,3304 1982,3304 1982,3244"/>
                    <TextEquiv>
                        <Unicode>aliam</Unicode>
                    </TextEquiv>
                </Word>
                <Word id="r_10_1l48_w7" custom="readingOrder {index:6;}">
                    <Coords points="2004,3244 2004,3304 2160,3304 2160,3244"/>
                    <TextEquiv>
                        <Unicode>paribus</Unicode>
                    </TextEquiv>
                </Word>
                <Word id="r_10_1l48_w8" custom="readingOrder {index:7;}">
                    <Coords points="2177,3244 2177,3304 2327,3304 2327,3244"/>
                    <TextEquiv>
                        <Unicode>condi¬</Unicode>
                    </TextEquiv>
                </Word>
                <TextEquiv>
                    <Unicode>ad manus non sit, saltem aliam paribus condi¬</Unicode>
                </TextEquiv>
            </TextLine>
            <TextLine id="r_10_1l49" custom="readingOrder {index:49;}">
                <Coords points="1306,3353 2328,3357 2328,3312 2243,3292 1306,3301"/>
                <Baseline points="1319,3336 1368,3338 1418,3338 1468,3339 1518,3339 1568,3339 1618,3339 1667,3339 1717,3339 1767,3339 1817,3339 1867,3338 1917,3338 1967,3338 2016,3338 2066,3338 2116,3338 2166,3336 2216,3336 2266,3337 2316,3338"/>
                <Word id="r_10_1l49_w1" custom="readingOrder {index:0;}">
                    <Coords points="1315,3298 1315,3358 1492,3358 1492,3298"/>
                    <TextEquiv>
                        <Unicode>tionibus</Unicode>
                    </TextEquiv>
                </Word>
                <Word id="r_10_1l49_w2" custom="readingOrder {index:1;}">
                    <Coords points="1518,3299 1518,3359 1767,3359 1767,3299"/>
                    <TextEquiv>
                        <Unicode>accipiamus.</Unicode>
                    </TextEquiv>
                </Word>
                <Word id="r_10_1l49_w3" custom="readingOrder {index:2;}">
                    <Coords points="1787,3298 1787,3358 1931,3358 1931,3298"/>
                    <TextEquiv>
                        <Unicode>Utimur</Unicode>
                    </TextEquiv>
                </Word>
                <Word id="r_10_1l49_w4" custom="readingOrder {index:3;}">
                    <Coords points="1957,3298 1957,3358 2043,3358 2043,3298"/>
                    <TextEquiv>
                        <Unicode>autem</Unicode>
                    </TextEquiv>
                </Word>
                <Word id="r_10_1l49_w5" custom="readingOrder {index:4;}">
                    <Coords points="2062,3298 2062,3358 2160,3358 2160,3298"/>
                    <TextEquiv>
                        <Unicode>spicis</Unicode>
                    </TextEquiv>
                </Word>
                <Word id="r_10_1l49_w6" custom="readingOrder {index:5;}">
                    <Coords points="2179,3296 2179,3356 2317,3356 2317,3296"/>
                    <TextEquiv>
                        <Unicode>ipsius,</Unicode>
                    </TextEquiv>
                </Word>
                <TextEquiv>
                    <Unicode>tionibus accipiamus. Utimur autem spicis ipsius,</Unicode>
                </TextEquiv>
            </TextLine>
            <TextLine id="r_10_1l50" custom="readingOrder {index:50;}">
                <Coords points="2128,3410 2147,3405 2170,3411 2183,3404 2201,3409 2212,3402 2224,3410 2235,3399 2271,3411 2321,3404 2321,3360 2295,3359 2283,3346 2228,3345 2199,3360 2130,3351"/>
                <Baseline points="2142,3390 2169,3390 2197,3390 2224,3391 2252,3392 2279,3392 2307,3393"/>
                <Word id="r_10_1l50_w1" custom="readingOrder {index:0;}">
                    <Coords points="2136,3351 2136,3411 2317,3411 2317,3351"/>
                    <TextEquiv>
                        <Unicode>quando</Unicode>
                    </TextEquiv>
                </Word>
                <TextEquiv>
                    <Unicode>quando</Unicode>
                </TextEquiv>
            </TextLine>
            <TextEquiv>
                <Unicode></Unicode>
            </TextEquiv>
        </TextRegion>
        <SeparatorRegion id="r_11" custom="readingOrder {index:7;}">
            <Coords points="21,0 1556,0 1556,3 21,3"/>
        </SeparatorRegion>
        <SeparatorRegion id="r_12" custom="readingOrder {index:8;}">
            <Coords points="1643,0 2479,0 2479,3 1643,3"/>
        </SeparatorRegion>
        <SeparatorRegion id="r_13" custom="readingOrder {index:9;}">
            <Coords points="147,59 1347,59 1347,67 147,67"/>
        </SeparatorRegion>
        <SeparatorRegion id="r_14" custom="readingOrder {index:10;}">
            <Coords points="1347,60 2479,60 2479,66 1347,66"/>
        </SeparatorRegion>
        <SeparatorRegion id="r_15" custom="readingOrder {index:11;}">
            <Coords points="2475,0 2479,0 2479,149 2475,149"/>
        </SeparatorRegion>
        <SeparatorRegion id="r_16" custom="readingOrder {index:12;}">
            <Coords points="2471,421 2479,421 2479,930 2471,930"/>
        </SeparatorRegion>
    </Page>
</PcGts>
