2479 3508
193 55 313 115 129

638 55 738 115 De
780 56 982 116 Foliis
1024 56 1240 116 calidis
1282 56 1340 116 in
1368 58 1584 118 gradu
1612 63 1827 123 tertio.

2123 68 2265 128 130

169 124 1251 197 quando inter flores & semina maturescunt: itemque
165 174 1195 242 frondibus & ramusculis tenuioribus quemadmo¬
162 232 1200 295 dum fieri solet in aliis omnibus, fruticosis plantis.
162 279 1137 350 Est autem ubique cognita & passim reperitur.
218 325 1187 396 PARTHENIUM (Germ. Krottendil. Ital. Brunsa¬
153 386 1198 439 tulo. Hisp. Magaza) folio est coriandri amaro sa¬
165 440 1187 502 pore, odore gravi: flotibus per ambitum albis,
154 493 1189 554 intùs melinis. Hetrusci matneatiam vocant. Sic¬
170 543 1191 599 catum cum aceto mulso, aut sale potum, non se¬
159 597 1186 660 cus atque epithymum, & bilem, & pituitam detra¬
172 628 1239 709 hit: suspitiosis prodest, & melancholicis. Herba
154 708 1231 760 sine flore à calculosis & anhelatoribus magna
158 750 1196 811 utilitate bibitur. Valet decoctum ad insidendum
168 803 1187 858 in duritia vulvarum, & inflammationibus. Illi¬
166 852 1198 931 nitur sacro igni, & collectionib. cum flore. Nec
168 962 1184 1020 re Athanasiam quam & Tanacetum vocant se¬
168 1016 1182 1079 plasiarii. * Utuntur tanaceto recentiores ad ven¬
160 1060 1184 1124 triculi & alvi flatus discutiendos, item ad lum¬
169 1114 1266 1174 bricos ex ventre pellendos. Utuntur & ad fran¬
178 1168 1237 1239 vendos renum calculos, & ad ciendam urinam.
176 1203 1265 1290 Sed id viris magis, quàm mulleribus commen¬
177 1275 1196 1338 dant: contrà verò Matricariam dictam foeminis
185 1332 1183 1385 tintùm exhibendam praecipiunt. Nascuntur am¬
178 1376 1192 1439 bo in omnibus ferè hortis: neque modò in iis sa¬
186 1436 1209 1482 ta, sed in aliis quoque locis sponte proveniunt. Col¬
192 1478 1190 1558 liguntur Junio. Conservantur per annum. Diosc.
232 1544 1164 1651 De herbis seu foliis calidis in gradu tertio.
237 1632 1195 1716 ABROTANUM (Germ. Stabwurz. Ital. Abro¬
213 1672 1269 1775 tum Gall. Aurons ou garderobbe Hisp. Abrotono,
214 1745 1183 1813 hierva lombriguerra) duorum est generum. Foe¬
200 1797 1200 1866 mina quadam arboris specie fruticans, candicat,
196 1851 1197 1909 circum ramulos foliis, scriphi modo, minutim
195 1900 1201 1965 incisis: floribus referta est, comantibus in sum¬
188 1960 1191 2021 mo, fulgore auri, corymbis. quod per aestatem
187 2011 1193 2074 prodiit, suaviter olet, cum gravitate quadam, &
177 2062 1206 2122 amaro gustu. Alterum mas vocatus, sarmentosum
192 2112 1200 2187 gracilibus tamulis, uti absinthium: * Utriusque
189 2170 1200 2246 semen erudum tritum, & servefactum ex aqua,
184 2216 1237 2286 in potu auxiliatur orthopnoicis, convulsis, ru¬I
172 2270 1190 2336 ptis coxendicibus, urinae angustiis, mensib. sup¬
177 2324 1193 2394 pressis, aut remorantibus. In vino potum exitia¬
180 2377 1201 2429 lium venenorum antidotum est: horroribus ex
185 2425 1206 2483 oleo illinitur. Serpentes & substratu, & nidore
171 2485 1198 2537 fugat: contra ictus eorum cum vino potum pro¬
178 2532 1197 2602 dest, privatim efficax contra scorpionum & pha¬
176 2587 1203 2645 langiorum venena. Oculorum inflammationi¬
184 2639 1203 2697 bus commodè illinitur cum cotoneo cocto, aut
183 2695 1208 2757 pane. tritum cum farina hordeacea, decoctumque tu¬
180 2749 1219 2805 bercula discutit. Itini compositionibus admiscetur.
179 2795 1213 2852 Nascuntur ambo in hortis & campestribus. Col¬
166 2847 1214 2917 liguntur Junio. Conservantur per annum. Diosc.
225 2915 1207 2966 ASARUM, quod & ipsum aliqui sylvestre nar¬
177 2951 1212 3020 dum (Germ. Haselwurz. Gall. Cabaret) appellant,
167 3001 1212 3062 hederae foliis, minorib. multò rotundioribusque:
174 3063 1204 3126 floribus cytino hyoscyami similibus, purpureis,
179 3112 1211 3176 inter folia proximè radicem emicantibus, odo¬
169 3163 1206 3226 ratis: in quibus semen acinosum. Cauliculos ha¬
179 3220 1213 3281 bet angulosos, asperos & molles: radices nume¬
174 3269 1208 3344 rosas, geniculatas, tenues, obliquas, gramini non
181 3328 1223 3404 dissimiles, longè tamen graciliores, odoratas, ex¬
1256 130 1539 190 calfacientes,
1546 131 1589 191 &
1603 133 1675 193 quę
1696 133 1837 193 linguam
1844 134 2101 194 vehementer
2115 139 2292 199 mordent.

1252 175 1288 235 *
1305 182 1631 242 Excalfactoriam
1650 185 1726 245 vim
1744 187 1875 247 habet:
1892 188 2041 248 urinam
2065 190 2124 250 cit:
2130 191 2278 251 hydro¬

1260 232 1368 292 picis,
1381 234 1420 294 &
1432 236 1586 296 vetusto
1611 238 1835 298 coxendicum
1848 241 1982 301 dolori
2001 242 2174 302 prodest.
2200 245 2283 305 Ra¬

1263 286 1372 346 dices
1390 287 1482 347 senis
1506 289 1695 349 drachmis
1713 290 1750 350 ex
1774 292 1872 352 aqua
1890 293 2005 353 mulsa
2030 296 2146 356 potae,
2158 298 2274 358 menses

1260 338 1406 398 trahunt,
1419 340 1455 400 &
1468 340 1609 400 veratri
1627 342 1700 402 albi
1719 344 1841 404 modo
1866 346 2018 406 purgant.
2036 348 2074 408 In
2092 350 2275 410 unguen¬

1259 391 1295 451 ta
1318 392 1490 452 additur.
1501 394 1709 454 Umbrosis
1726 397 1904 457 montibu,
1916 400 2111 460 provenit,
2122 401 2176 461 sed
2199 403 2288 463 plu¬

1261 443 1373 503 rimum
1386 444 1418 504 in
1438 445 1588 505 Ponto,
1595 448 1773 508 Thrygia,
1786 449 1956 509 Illyrico,
1969 451 2008 511 &
2021 452 2146 512 Italiae
2159 452 2277 512 Justi¬

1256 494 1379 554 niensi
1403 497 1515 557 agro.
1538 499 1743 559 Perpetuò
1761 500 1854 560 viret
1873 502 2007 562 herba,
2025 503 2125 563 nova
2143 505 2271 565 tamen

1262 547 1340 607 unà
1359 548 1411 608 eum
1424 550 1592 610 flosculis
1611 552 1702 612 folia
1721 553 1806 613 Vere
1832 554 1987 614 promit.
2000 557 2233 617 Conservatur
2246 560 2279 620 per

1264 599 1385 659 annum
1397 601 1513 661 Dosis
1531 604 1609 664 ejus
1628 605 1834 665 infusionis
1859 605 1902 665 est
1920 607 1962 667 ab
1986 608 2065 668 aur.
2072 609 2114 669 ij.
2120 610 2211 670 usque
2223 613 2272 673 ad

1262 652 1343 712 aur.
1349 653 1418 713 iiij.
1431 654 1462 714 &
1474 655 1643 715 pulveris
1668 658 1749 718 ejus
1768 659 1780 719 à
1799 659 1862 719 3j.
1868 660 1955 720 usque
1974 661 2012 721 ad
2037 661 2099 721 aur
2118 662 2156 722 ij.
2168 662 2280 722 Diosc.

1231 711 2276 769 & Mesue. Asarum notum est: de quo radices solum
1266 758 1496 818 accipiantur,
1508 760 1667 820 abjectis
1684 763 1914 823 frondibus:
1932 764 2043 824 quod
2068 767 2179 827 multi
2197 769 2279 829 cùm

1252 807 1338 867 non
1362 811 1552 871 observent,
1564 814 1777 874 plurimùm
1794 815 1932 875 errant:
1944 816 2031 876 nam
2053 817 2140 877 Gal.
2152 821 2278 881 quoque

1265 859 1343 919 vult
1361 862 1522 922 frondes
1545 865 1611 925 esse
1629 866 1772 926 nullius
1796 868 1980 928 momenti.
1992 868 2070 928 Sint
2087 868 2159 928 autem
2171 868 2278 928 radi¬

164 909 329 969 desunt,
347 911 419 971 qui
442 913 554 973 velint
572 913 720 973 marem
738 914 987 974 Parthenium
1004 916 1175 976 appella¬
1259 916 1330 976 tes
1347 916 1477 976 firmae,
1490 916 1684 976 odoratae,
1696 918 1915 978 acutissimae
1933 920 2016 980 quo
2040 922 2081 982 ad
2099 923 2270 983 gustum,

1264 964 1303 1024 &
1315 966 1395 1026 non
1417 968 1616 1028 obsoletae:
1633 971 1873 1031 reperiuntur
1896 972 1987 1032 autem
2004 973 2141 1033 quovis
2158 976 2265 1036 loco.

1317 1018 1498 1078 VITEX,
1516 1020 1585 1080 sive
1604 1021 1685 1081 salix
1710 1024 1885 1084 Amerina
1916 1024 1997 1084 quam
2010 1025 2154 1085 vulgus
2172 1027 2273 1087 Her¬

1253 1069 1468 1129 bariorum
1486 1073 1642 1133 Agnum
1665 1075 1809 1135 castum
1826 1078 2011 1138 appellat,
2023 1078 2149 1138 frutex
2173 1079 2215 1139 est
2232 1079 2268 1139 in

1261 1121 1437 1181 arborem
1461 1124 1680 1184 assurgens:
1692 1126 1826 1186 ramos
1850 1128 1942 1188 gerit
1960 1129 2124 1189 longos,
2136 1131 2258 1191 fractu

1260 1175 1474 1235 pervicaces
1505 1178 1594 1238 folia
1618 1180 1731 1240 olivę,
1743 1180 1803 1240 sed
1821 1181 2023 1241 molliora.
2035 1181 2119 1241 Duo
2143 1183 2268 1243 gene¬

1250 1226 1290 1286 ra
1307 1228 1416 1288 ejus:
1434 1229 1508 1289 una
1531 1229 1634 1289 harum
1651 1231 1789 1291 album
1806 1232 1944 1292 florem
1961 1232 2081 1292 mittit
2110 1234 2155 1294 cum
2172 1235 2264 1295 pur¬

1258 1278 1397 1338 pureo:
1414 1282 1527 1342 altera
1549 1283 1700 1343 tantùm
1723 1285 1941 1345 purpureum,
1953 1285 1986 1345 &
1998 1285 2143 1345 semen,
2154 1285 2194 1345 ut
2211 1286 2273 1346 pi¬

1259 1331 1340 1391 per.
1352 1332 1375 1392 *
1394 1334 1698 1394 Excalfactorias
1715 1336 1808 1396 vires
1826 1337 1960 1397 habet,
1972 1337 2008 1397 &
2025 1339 2270 1399 astiictorias.

1259 1381 1399 1441 Semen
1416 1385 1497 1445 eius
1515 1388 1672 1448 potum,
1684 1390 1882 1450 venenatis
1899 1390 2057 1450 ictibus,
2068 1391 2168 1451 aquę
2185 1393 2260 1453 quę

1209 1461 2281 1487 cutem subiit, lienosisque auxiliatur: lac evocat:
1260 1486 1411 1546 menses
1434 1490 1523 1550 ciet,
1540 1492 1736 1552 drachmae
1753 1495 1932 1555 pondere
1949 1495 1988 1555 in
1999 1495 2094 1555 vino
2111 1496 2274 1556 potum:

1261 1538 1479 1598 genituram
1502 1544 1659 1604 exolvit:
1676 1546 1788 1606 caput
1805 1547 1945 1607 tentat,
1962 1547 1996 1607 &
2007 1547 2198 1607 soporem
2220 1546 2271 1606 af¬

1246 1590 1344 1650 fert.
1361 1594 1596 1654 Decoctum
1608 1595 1740 1655 herbae
1764 1597 1798 1657 &
1809 1597 1965 1657 seminis
1982 1598 2017 1658 in
2034 1601 2275 1661 desessione,

1259 1643 1490 1703 mulicribus
1506 1646 1633 1706 vulvae
1649 1648 1753 1708 malo
1781 1651 2017 1711 opportunis
2039 1652 2275 1712 opitulatur:

1256 1693 1355 1753 item
1372 1699 1773 1759 inflammationibus.
1789 1700 2045 1760 Purgationes
2067 1702 2195 1762 movet
2212 1703 2273 1763 se¬

1259 1746 1343 1806 men
1368 1748 1453 1808 cum
1466 1751 1625 1811 pulegio
1649 1753 1765 1813 potum,
1784 1754 1894 1814 etiam
1912 1754 2058 1814 suffitu,
2070 1754 2119 1814 vel
2137 1753 2272 1813 appo¬

1260 1801 1347 1861 situ:
1359 1802 1493 1862 capitis
1510 1804 1696 1864 doiorem
1714 1804 1882 1864 dissolvit
1899 1805 2050 1865 illitum:
2063 1805 2266 1865 instillatur

1262 1851 1351 1911 cum
1369 1855 1482 1915 aceto
1499 1856 1535 1916 &
1553 1856 1642 1916 oleo
1665 1858 1778 1918 capiti
1796 1858 1826 1918 in
1844 1858 2046 1918 lethargo,
2063 1858 2099 1918 &
2111 1858 2271 1918 phreni¬

1259 1904 1358 1964 tide.
1370 1906 1477 1966 Folia
1495 1907 1626 1967 suffitu
1651 1909 1707 1969 aut
1726 1909 1912 1969 substratu
1932 1910 2044 1970 fugant
2062 1912 2274 1972 venenata:

1261 1955 1356 2015 illita
1374 1959 1505 2019 quoque
1523 1961 1721 2021 serpentium
1733 1960 1929 2020 morsibus
1947 1961 2198 2021 auxiliantur:
2216 1966 2275 2026 te¬

1253 2007 1376 2067 stium
1393 2012 1580 2072 duritias,
1598 2014 1680 2074 cum
1698 2014 1843 2074 butyro
1861 2014 1896 2074 &
1914 2014 2013 2074 foliis
2037 2014 2130 2074 vitium
2142 2015 2270 2075 emol¬

1262 2061 1376 2121 liunt.
1404 2063 1541 2123 Rimas
1564 2065 1661 2125 sedis
1678 2066 1804 2126 semen
1827 2066 1912 2126 cum
1929 2066 2027 2126 aqua
2049 2068 2152 2128 illitum
2164 2068 2266 2128 miti¬

1262 2110 1368 2170 gat:
1386 2115 1421 2175 &
1439 2116 1486 2176 cum
1498 2117 1604 2177 foliis
1621 2117 1804 2177 medetur
1823 2117 1976 2177 luxatis,
1987 2120 2282 2180 vulncribusque.

1273 2165 1392 2225 Virgam
1410 2167 1469 2227 qui
1487 2168 1606 2228 manu
1624 2170 1772 2230 teneat,
1790 2170 1885 2230 dum
1897 2170 1968 2230 iter
1980 2171 2093 2231 facit,
2105 2172 2271 2232 negatur

1267 2220 1559 2280 intertriginem
1571 2222 1726 2282 sentire.
1739 2221 1894 2281 Agnum
1912 2222 2018 2282 quasi
2037 2223 2143 2283 dicas
2167 2227 2279 2287 cassum.

1264 2270 1411 2330 vocant
1433 2272 1581 2332 Graeci:
1598 2273 1800 2333 quoniam
1817 2275 2009 2335 matronae
2025 2275 2063 2335 in
2085 2276 2277 2336 Thesmo¬

1264 2323 1414 2383 photiis
1436 2324 1735 2384 Atheniensium
1763 2326 1979 2386 castitatem
2007 2327 2278 2387 custodientes

1259 2373 1364 2433 foliis
1388 2377 1500 2437 hujus
1518 2378 1673 2438 cubitus
1691 2380 1759 2440 sibi
1778 2378 1963 2438 sternunt.
1976 2380 2007 2440 &
2019 2380 2161 2440 lygon,
2174 2383 2278 2443 quasi

1271 2428 1431 2488 vimen,
1448 2431 1609 2491 propter
1620 2431 1810 2491 invictam
1832 2431 1907 2491 ferè
1925 2432 2125 2492 tamorum
2142 2432 2285 2492 flexili¬

1264 2479 1406 2539 tatem.
1423 2480 1600 2540 Nascitur
1618 2482 1647 2542 in
1665 2483 1883 2543 fluminum
1901 2485 2007 2545 ripis,
2019 2485 2207 2545 asperisque
2219 2485 2278 2545 lo¬

1273 2530 1345 2590 cis,
1356 2531 1389 2591 ac
1411 2534 1643 2594 torrentium
1665 2536 1792 2596 alveis.
1803 2536 2029 2596 Dioscorides.

1327 2584 1461 2644 ARUM
1492 2587 1626 2647 Germ.
1638 2587 1871 2647 Pfaffenbint.
1883 2587 1970 2647 Gal.
1982 2587 2037 2647 Vit
2056 2587 2086 2647 de
2104 2588 2276 2648 Prebstre)

1274 2638 1381 2698 apud
1399 2639 1512 2699 Syros
1532 2639 1651 2699 lupha
1670 2639 1909 2699 vocitatum,
1922 2639 2016 2699 folia
2035 2639 2179 2699 emittit
2198 2642 2286 2702 dra¬

1272 2689 1415 2749 cuculi,
1427 2691 1483 2751 sed
1502 2692 1713 2752 longiora,
1732 2692 1769 2752 &
1787 2692 2005 2752 pauciorib.
2017 2692 2186 2752 distincta
2204 2693 2291 2753 ma¬

1276 2742 1401 2802 culis:
1418 2743 1566 2803 caulem
1583 2743 1912 2803 subpurpureum,
1923 2744 2213 2804 dodrantalem,
2224 2746 2280 2806 pi¬

1276 2794 1365 2854 stilli
1384 2795 1515 2855 specie,
1533 2795 1545 2855 à
1562 2795 1640 2855 quo
1658 2795 1808 2855 croceum
1814 2795 1939 2855 semen
1957 2795 2046 2855 exit:
2058 2795 2189 2855 radice
2208 2797 2291 2857 dra¬

1277 2846 1440 2906 cunculi
1457 2848 1556 2908 alba.
1562 2848 1638 2908 quę
1662 2848 1819 2908 decocta
1843 2848 1947 2908 estur,
1959 2848 2093 2908 utpote
2116 2849 2198 2909 cùm
2215 2849 2291 2909 mi¬

1274 2899 1352 2959 nùs
1375 2900 1471 2960 acris
1488 2900 1542 2960 sit.
1578 2900 1685 2960 Folia
1703 2900 1750 2960 ad
1768 2899 1869 2959 esum
1888 2899 2144 2959 condiuntur,
2161 2901 2197 2961 &
2209 2903 2286 2963 ari¬

1277 2951 1316 3011 da
1338 2952 1404 3012 per
1420 2953 1470 3013 se,
1480 2954 1645 3014 decocta
1662 2953 1926 3013 manduntur.
1937 2953 2053 3013 Arum
2069 2953 2217 3013 terrena
2239 2955 2288 3015 es¬

1277 3004 1399 3064 sentia
1423 3005 1592 3065 constat.
1603 3004 1668 3064 sed
1685 3004 1825 3064 calida:
1837 3004 1866 3064 *
1890 3004 2047 3064 proinde
2064 3006 2286 3066 extergendi

1277 3056 1357 3116 vim
1374 3057 1557 3117 possidet,
1568 3058 1698 3118 verùm
1716 3057 1772 3117 non
1784 3056 1988 3116 valentem,
2006 3058 2097 3118 sicut
2114 3059 2284 3119 dracon¬

1277 3107 1352 3167 tium.
1376 3109 1545 3169 Radices
1568 3110 1644 3170 ejus
1668 3110 1831 3170 maximè
1855 3109 1936 3169 sunt
1954 3110 2076 3170 utiles:
2094 3112 2286 3172 siquidem

1286 3161 1453 3221 comesae
1476 3163 1677 3223 crassitiem
1693 3161 1911 3221 humorum
1929 3161 2180 3221 mediocriter
2196 3163 2291 3223 inci¬

1284 3211 1396 3271 dunt,
1408 3214 1503 3274 adeò
1525 3214 1560 3274 ut
1582 3214 1616 3274 &
1632 3215 1948 3275 excreationibus
1965 3214 2004 3274 ex
2021 3214 2185 3274 pectore
2202 3214 2297 3274 ido¬

1276 3265 1361 3325 neae
1378 3267 1463 3327 sint:
1474 3268 1531 3328 sed
1553 3268 1677 3328 magis
1694 3268 1830 3328 tamen
1847 3268 1983 3328 aptum
2006 3268 2051 3328 est
2074 3268 2305 3328 dracontium.

1283 3319 1462 3379 Nascitur
1475 3322 1513 3382 in
1533 3322 1828 3382 campestribus,
1840 3322 1878 3382 in
1898 3320 2038 3380 vineis,
2045 3320 2084 3380 in
2103 3320 2295 3380 scrobium
