2479 3508
224 118 366 207 131
746 101 1745 212 Antidotarii specialis Lib. I
2062 113 2221 207 132
212 197 1206 255 marginibus, & passim in setimis prope sepes.
224 247 1180 318 Conservatur per annum. praesertim radix. Diosc.
267 292 1180 358 AMOMUM exiguè fruticat, ex ligno se convol¬
222 345 1190 408 vens in racemi modum, flore, ceu candidae violę,
212 393 1182 461 parvo: foliis bryoniae similibus. Laudatur quam ma¬
212 441 1180 507 ximè Armeniacum, colore ad aurum vergens, li¬
222 492 1185 560 gno subrufo, abundè odorato. Medicum, quoniam
214 540 1190 600 in campestrib. & aquosis enascitur, infirmius esse
222 592 1190 648 constat: est autem magnum, subviride, tactu tene¬
214 643 1188 696 rum, frutice venoso, odore origani. Ponticum verò
219 681 1238 759 subrusum, parvum, fragile, racemosum, fructu tur¬
227 741 1175 812 gens, & odore nares feriens. Deligito recens, can¬
227 792 1182 842 didum, vel subrubrum, quod nec astrictum cohae¬
219 840 1190 893 reat, nec convolvatur, sed solutum diffundatur:
219 890 1188 948 semine plenum, uvis simile, grave, valdè odoratum,
219 940 1188 998 modò cariem non contraxerit: acre, gustu mor¬
219 993 1203 1051 dens, simplici colore non evariante.* Vim habet
222 1039 1190 1092 calfaciendi, adstringendi, exiccandi. Somnum alli¬
219 1084 1200 1147 cit: e illitum fronti, doloris sensum aufert: inflam¬
222 1142 1198 1193 mationes & meliceridas concoquit, discutitque:
219 1188 1251 1253 juvat quos scorpius percussit, ex ozymo illitum: &
224 1240 1185 1298 podagricis confert: inflammationes oculorum, vi¬
222 1288 1198 1341 scerumque lenit ex uva passa: ad vulvarum vitia in
222 1336 1190 1399 pessis, aut insessionibus utile est. Decoctum jecinori,
219 1389 1188 1440 renibus, podagrae, potu convenit. Antidotis im¬
219 1437 1193 1495 miscetur, & preciosissimis unguentis. Adulteratur
219 1488 1200 1551 Amomum herba simili, quae Amomis vocatur,
222 1538 1190 1604 sed sine odore, sine fructu Nascitur in Armenia,
219 1588 1188 1644 flore origani. Quare in hujusmodi rerum proba¬
224 1636 1193 1702 tionibus fragmenta fugienda sunt: eligenda autem,
219 1684 1238 1750 quae ab una radicè suos integros surculos emit¬
222 1735 1198 1790 tunt. Planta haec apud nos incognita est. Quare
217 1790 1190 1851 succedaneum erit asarum, aut calamus aromaticus
219 1833 1188 1893 officinarum. Diosc. Amomi planta est ignota, cu¬
227 1881 1190 1939 jus loco collocabimus Aeorum. nam Gal. 6. lib.
222 1934 1185 1984 simplicium Medic. haec similis esse facultatis scri¬
217 1977 1188 2045 bit: nisi quòd Acorus sit illo siccior, hoc verò
219 2037 1188 2088 magis concoquat: quanquam in exigua differentia
212 2083 1175 2133 haec praestent: cumque nullum aliud magis conve¬
219 2133 1188 2191 niat, cogimur interea hoc usurpare. Ad quid sit
214 2176 1228 2257 Acorus, non parum inter se dissentiunt periti sim¬
222 2231 1190 2294 plicium: ego tamen existimo esse eam radicem
212 2284 1193 2342 quam Seplasiarii vocant Galangam majorem, quia
207 2327 1182 2398 acuta est quo ad gustum & nonnihil amara, & alias
219 2383 1188 2430 quoque notas habet quas illi Diosc. attribuit. Alii
212 2428 1182 2491 putant esse Calamum aromaticum vulgarem: sed
207 2478 1188 2539 anteà unà cum illis conclusimus, pro calamo o¬
212 2531 1185 2599 dorato, hunc calamum vulgarem esse accipiendum,
207 2579 1177 2645 qui etsi non esset ille antiquorum Calamus, gra¬
207 2637 1190 2683 dibus tamen & viribus satis similis: quare hac in
212 2670 1233 2743 parte illis consentire non possum: nam cum Aco¬
207 2736 1170 2786 rum sit calidum & siccum in 3. gradu. Calamus ve¬
209 2778 1172 2834 rò non ultra secundum, necesse est fateri aut substi¬
209 2831 1180 2892 tutionem non esse probam, aut Acorum non esse
199 2872 1182 2942 istum calamum. At hoc quia unà cum ipsis pro vera
199 2932 1167 2983 substitutione, idque veris rationibus probaveri¬
207 2978 1162 3036 mus, relinquitur Calamum vulgarem non esse
194 3018 1157 3089 Acorum. Quare substituamus pro Acoro Galan¬
204 3081 1172 3136 gam majore. Etsi forsitan aliquis diceret, hanc
199 3134 1170 3184 esse raditem, Amomum fructum, in hoc quoque jun¬
197 3174 1165 3237 gi poterimus autoritate Galeni. Sed & nos dice¬
194 3235 1165 3320 mus fructus quoque habere in se aliquid duri &
1206 161 2239 255 [A] terrestris pariter atque illa radix habet: quanqam
1258 247 2229 308 ego in ea sum opinione, quòd lignum Amomi,
1251 292 2214 353 quando nondum fructus aut racemi sese explicue¬
1253 345 2234 401 rint, sit usurpandum, quod ex Diosc. colligitur, &
1258 396 2219 454 rationes exposui in 3. li. Methodi nostrę de sim¬
1266 441 2236 507 plicibus, quas tamen non abs re erit hie repetere.
1261 497 2219 555 Prima itaque est, quòd Diose scribit, adultemri a¬
1253 547 2239 595 momum cum simili quadam herba, que nullum
1258 598 2229 648 habeat fructum: jam si fructus in usu fuisset, quare
1251 643 2231 701 cum ejusmodi planta sine fructu falsificari potuis¬
1258 693 2229 751 set? unde colligi potest lignum & stipitem fuisse in
1261 744 2229 794 usu. Deinde non vult accipi fragmenta, sed surcu¬
1251 794 2234 862 los integros & vegetos, quod de fructibus intelli¬
1266 842 2234 908 gi nequit. Praetereâ eligitur odoratius & quod
1258 895 2241 968 non fit carlosum. Caries verò magis propria est
1258 945 2229 998 lignis quam fructibus. Erant autem uvae quoque Amo¬
1266 993 2234 1069 mi in usu, sicuti ex multis locis Galeni appatetu.
1266 1044 2226 1099 Et Damocrates in sua Theriaca Amomi race¬
1263 1092 2231 1157 mos accepit. Sed Andromachus Amomum race¬
1258 1147 2239 1213 mosum, non racemos, quia inter se differunt,
1261 1198 2236 1256 habet. Nam intelligi potest de surculis, qui in no¬
1261 1243 2239 1293 Iam bonitatis haberent semen, vel uvas appen¬
1258 1296 2234 1349 sas: quare in Graeco legitur βοτρυόντος & Latino
1261 1349 2241 1402 racemiferi: quanquam propriè magis racemosi
1263 1399 2224 1452 dicatur. Quod si ita est, similitudo substantię ma¬
1263 1450 2226 1505 gis inter ea confirmabitur, cùm & Galanga ma¬
1266 1495 2234 1566 sor, & surculi de Amomo sint lignosae naturae.
1306 1548 2224 1598 AMMI (Germ. Amey) hodie à nonnullis osten¬
1263 1598 2226 1651 ditur foliis foeniculo tenuioribus, caule gracili,
1258 1646 2221 1704 umbella, in qua candidi flores & semen minutissi¬
1258 1699 2221 1752 mum, cumino similis, non pro omnia respondens ve¬
1258 1747 2231 1803 terum descriptioni Plerique existimant semen quod¬
1258 1788 2226 1853 dam ex Hispaniis sub amomi nomine allatu, ve¬
1258 1846 2226 1924 rum esse Ammi, aut saltem ejus loco usurpari possem.
1258 1891 2221 1951 Hujus succedaneum est anisum, cuminum. Florontini.
1306 1946 2226 2004 Ammi paucis cognitum est: nec diu est quòd
1263 1989 2226 2065 Venetiis primùm ceptum est afferri. Antea pro¬
1261 2045 2236 2103 pter similitudinem saporis cum Origano aliud
1258 2100 2226 2166 minutissimum semen accipiebatur odoratum &
1258 2141 2219 2209 acre, cujus magna copia undique in Apulia cre¬
1248 2204 2224 2269 scit, estque ea planta quam doctissimus Andreas
1251 2241 2221 2304 Matthiolus in suis primis libris depinxit; quan¬
1248 2294 2219 2370 quam ipsemet non habeat pro vero Ammi: quem¬
1248 2355 2214 2410 admodum etiam non est. Sed legitimum admo¬
1248 2405 2211 2461 dùm simile est semini Saxifragae Hircinae dictae
1251 2430 2224 2506 & cimino quoque; quanquam satis sit minus.
1251 2491 2214 2554 Odoratum est & sapore tam proximè ad Origa
1258 2552 2224 2625 num accedit, ut vix ab eo discerni possit. Hocque
1253 2594 2123 2657 ad Theriacam, non aliud accipiendum est.
1301 2642 2211 2703 BACCHARIS herba fruticosa; quae in coro¬
1243 2685 2219 2766 nas additur, cujus folia aspera sunt media viole
1258 2743 2214 2806 & verbasci magnitudine: caulis angulolus, cu¬
1243 2783 2219 2864 biti altitudinem petens, aliquantulum asper hon
1245 2839 2214 2907 sine appendicibus adnatis. flore purpureo, sub¬
1235 2894 2211 2970 albicante, odorato: radicibus veratro nigro simi¬
1238 2932 2199 3005 libus, quibus odor inest cinamomo proximus.
1238 2990 2211 3051 Asperum squalidumque solum amat. * Radix in
1243 3038 2178 3111 aqua decocta, ruptis, vullis, ex alto pręcipitati
1238 3081 2193 3152 spirandi difficultati salutaris: item diuturnę tul¬
1233 3152 2188 3202 si, & urinae difficili: menses pellit: contra serpen¬
1238 3199 2176 3252 tium morsus utilissimè datur in vino. Recens ri¬
1233 3247 2093 3326 dix apposita partum extrahit. Puerpetis eius
2014 3317 2214 3355 decoctum
