2479 3508
196 31 329 118 133
674 34 1847 123 De Foliis calidis in gradu tertio.
2132 37 2289 138 134
188 91 1217 193 decoctum in defessionibus prodest. In diapasma¬
183 178 1202 243 ta utiliter insęritur jucundi odoris gratia. Folia,
185 230 1202 293 utpote quae astringant, capitis doloribus illitu
188 285 1194 347 prosunt: oculorum inflammationibus, mammis
183 332 1199 389 tumentib. à partu, aegilopiis incipientibus, igni¬
180 387 1202 452 busque sacris auxiliantur. Odor somnum gignit.
183 431 415 517 Dioscorides.
238 447 1202 551 DICTAMNUM, herba est in sola Creta na¬
188 528 1199 596 scens, pulegio similis, sed majoribus foliis, cana
180 593 1202 656 lanugine pubescentibus. Florem nullum aut se¬
180 640 1249 718 men profert, inquit Dioscorides. Theophrastus
188 698 1197 758 verò caeterique auctores e caulem illi tribuunt,
183 750 1194 812 & florem, & semen, ut manifestè videre licet in
183 802 1202 875 dictamno, quod hodie ex Creta adfertur: cui
191 852 1199 917 quidem conveniunt reliquae Dioscor. notae, sed
188 904 1197 972 florem & semen profert. Alia est planta, dicta¬
188 951 1210 1024 mnum album vulgò vocata, aliàs fraxinella, planè
191 1011 1199 1069 à dictamno Cretensi diversa: quae quamvis val¬
188 1061 1197 1121 de efficax sit, dictamno Cretensi substitui tamen
188 1113 1210 1176 non potest: hoc enim veteres intelligunt, cùm
193 1150 1262 1249 absolutè dictamnum scribunt.* Caeterùm di¬
193 1215 1199 1283 ctamnum legisimum praestat omnia, quae sativum
193 1264 1197 1335 pulegium, sed efficaciùs multò: nam non potum
196 1322 1199 1387 modo, sed appositum quoque, aut suffitum, de¬
204 1374 1197 1442 functos partus ejicit. Produnt in Creta capras sa¬
225 1432 1202 1489 gituis percussas, hujus herbae pastu eas excutere.
209 1476 1202 1544 Purgandi vim habet succus illitus, aut cum po¬
214 1528 1210 1594 lenta tritus Herba impactos pedibus, reliquore
225 1583 1204 1646 corpon aculeos, illitu refigit. Ad lienis dolorem
235 1635 1199 1696 efficax habetur: siquidem ipsum imminuit. Me¬
240 1688 1238 1745 tunt aestate & autumno. Radix ejus gustu calfa¬
227 1740 1210 1805 cit pattus accelerat. Succus cum vino potus,
227 1790 1197 1852 contra serpentium morsus praesidio est. Tanta
227 1842 1197 1905 herbae facultas est, ut olfacta abigat bestias, quę
212 1894 1202 1959 venenato ictu saeviant, appensaque contactu exa¬
209 1946 1199 2012 nimet. Vulneribus ferro illatis, & venenatis mor¬
204 2006 1199 2064 sibus infusus succus praesentaneo est remedio
199 2043 1202 2121 si etiam ab instillatione statim in potu assuma¬
204 2108 1199 2176 tut. Hajus succedaneum pulegium est. Dioscori
206 2155 687 2228 des, & Medici Florentini.
251 2166 1267 2283 Dictamnum ex Creta ante paucos annos ce¬
209 2257 1212 2325 ptum est copios è cum omnibus illis notis, quas
196 2309 1204 2375 Dioscorides illi attribuit apportari: detecto er¬
193 2359 1210 2432 tore isto Pharmacopaeorum, qui ejus loco su¬
193 2422 1215 2487 mebant Dictamnum album vulgò dictum, quo
193 2477 1215 2529 utimur intra corpus ad vermes necandos. Affe¬
196 2516 1212 2584 runtur autem ex vera planta tam frondes quàm folia.
193 2565 1212 2639 Nec nos moveat quòd Dioscorides scribat Di¬
199 2633 1220 2693 ctamnum nec florem neque semen producere:
206 2673 1212 2743 quia locus ille mendosus est, ut nos probavimus
193 2712 1267 2803 2. lib. nostrae Methodi cap. 16. & cum Theophra. F
196 2793 1215 2848 sto diximus legendum esse, Dictamnum quoad
196 2824 1217 2895 flores, & semina in Medicina non usurpari Quod
193 2882 1215 2955 nos admonet, de hac planta esse sumendas fron¬
193 2936 1042 3002 des: & sic pharmacopoei facere solent.
253 2952 1215 3062 CARTOPHYLLATA (Germ. Benedictenwurz.
199 3049 1217 3111 Gall. L'herbe benoiste.) planta est non vulgaris,
206 3104 1228 3169 gignitur in montibus, & in viis juxta septa. Radix
199 3143 1215 3213 tenuis, nigra, & caryophylli spirans odorem.
235 3195 1212 3268 Ea recentiores utuntur pota ad thoracis inter¬
199 3247 1217 3310 na vulnera. Quin & ejus succum admixta aeru¬
222 3300 1215 3409 gine cuniculalis, contumacibusque ulceribus uti¬
1217 102 2289 199 [A] liter injiciunt. Eadem olfactu spiritus recreat, &
1272 175 2281 264 frigidum roborat cerebrum. Epota prodest coe¬
1270 235 2286 293 llacis, dysentericis, foeminarum profluviis, &
1270 287 2289 342 cruenta expuentibus. Tam intùs sumpta, quàm
1270 329 2286 400 foris illita entero celis auxilio est. Temperamen¬
1270 392 2273 452 tum ejus excalfaciens & exiccans, ut manifesto
1264 434 2273 502 sunt judicio ejus radices: quippe quae gustu o¬
1272 496 2270 549 doratę astringentesque deprehendantur. Quibus
1275 546 2281 601 qualitatibus non modò attenuare, discutere, &
1272 598 2281 656 astringere valent, sed etiam roborare. Colligitur
1262 651 2273 729 [B] mense Martii & Augusti. Conservatur per annum.
1272 698 1520 771 Matthiolus.
1319 726 2283 812 CHAMAEDRYS Graecis, aliis Chamaedrops,
1272 802 2275 865 Latinis Trissago, Ger. Batchengel / Vergiß mein nit/
1275 854 2273 917 dicitur. Sunt, qui eam teucrion appellavere, pio¬
1278 904 2275 967 pter eam, quam cum teucrio servat similitudinem
1272 961 2275 1014 Frutex est dodiantalis, folia habens exigua, ama¬
1272 1011 2281 1069 ra, effigie & divisura quercus: flore parvo, penè
1291 1061 2275 1126 purpureo.* Recens in aqua decocta, potu tussi¬
1272 1110 2283 1176 bus, indurato lieni, urinae difficultati, incipien¬
1270 1170 2281 1228 [C] tibus hydropicis auxiliatur: cit menses, partus
1270 1220 2286 1275 extrahit: lienem ex aceto pota copsumit: adver¬
1264 1272 2270 1330 sus serpentium venena ex vino, potu, illituque ef¬
1272 1325 2275 1379 ficacissima. Trita digeritur in pastillos, ad supra¬
1272 1372 2275 1429 dicta. Purgat vetera ulcera, cum melle: cum oleo
1275 1421 2281 1481 illita, caliginem oculorum discutit. Natura ejus
1280 1479 2283 1541 est calefacere. Nascitur in petrosis & asperis.
1270 1528 2289 1591 Colligitur mense Junii, semine praegnans. Con¬
1278 1586 1944 1654 servatur per annum. Dioscorides.
1335 1601 2286 1693 Chamaedrys ubique nota est, & reperituriis dem
1238 1688 2275 1744 [D] locis in quibus diximus Chamaepytin proveni¬
1270 1740 2286 1795 re, quae praestantior est, magisque odorata, & me¬
1275 1790 2278 1855 lioris saporis quàm Cretica: quare illam quoque
1278 1842 2289 1899 nobis in nostris regionibus nascentem tanquam
1275 1894 2283 1954 bonam comparabimus. In usu est integra herba
1280 1946 2289 2014 posteaquam flores emiserit, & semen affuerit, ex¬
1283 1996 2289 2066 cepta radice, e cauliculis durioribus. Nascitur
1275 2048 2291 2111 quoque in monte Gargano prope Neapolin, lau¬
1278 2100 2283 2155 dabilis & pręstans. Nec nos impeditem debet, quòd
1283 2147 2286 2215 dicit Andromachus, accipiendum esse semen
1280 2202 2283 2268 [E] Chamaediyos: nam ita more poëtico locutus est:
1280 2249 2286 2312 intelligit enim Chamaedryn semine plenam, eo
1280 2304 2289 2367 modo quo antea diximus. Quod Galea expli¬
1285 2359 2289 2427 cando Andromachi descriptionem confirmat.
1343 2409 2281 2479 CNICUS. officinis CARTHAMUM (Ger. Wil¬
1280 2464 2291 2537 den saffran. Gal. Saffran sauuage. Ital. Zaffarano, Sa¬
1283 2513 2281 2576 racinesco, & Zaffarano sylvatico. Hispan. Alazor, &
1291 2563 2286 2633 somente de papagaios.) vocatur, foliis constat oblon¬
1296 2610 2302 2686 gis, per ambitum divisis, asperis, spinosis: caule
1280 2667 2296 2735 sesquipedali: capitulo magnitudine grandis oli¬
1293 2725 2286 2790 [F] vae: flore croci: semine candido, alioqui rufo, lon¬
1296 2772 2291 2840 go. anguloso. Hujus flore in obsoniis utuntur.
1298 2822 2294 2895 * Seminis tusi & expressi succus, cum aqua mul¬
1283 2869 2294 2944 sa, vel jure gallinacei, alvum purgat: sed stoma¬
1291 2931 2286 3002 cho adversatur. Seminis succus lac cogit, & ma¬
1298 2978 2294 3054 gis ipsum resolvendae alvi facultate donat Seri¬
1291 3033 2302 3096 tur nonnullis Italię, Gallię, & in hortis & in agris.
1285 3083 2317 3156 Flores Jullo & Augusto, semen interea perfici¬
1291 3138 2294 3198 tur, & eo dem quo seritur anno, exinde inarescit.
1293 3187 2289 3245 Dosis ejus est à ξ iij. usque ad aur. v. & floris ejus
1285 3240 2289 3307 à ξ j. usque ad aur. ij. Conservatur autem, & ma¬
1285 3287 2249 3368 ximè semen, annis tribus. Dioscor. & Saladinus.
