2479 3508
178 43 331 135 135
727 43 1742 109 Antidotarii specialis Lib. I.
2118 31 2273 114 136
236 84 1218 186 CENTAURIUM MAIUS, solia juglandis hal¬
186 168 1187 231 bet, oblonga, viridi brassicarum colore, in am¬
183 221 1185 287 bitu serrata, caulem ceu rumicis, binum aut ter¬
183 275 1198 338 nùm cubitorum, mulus ab radice adnatis, in qui¬
186 323 1200 392 bus capita ceu papaveris in rotunditate oblon¬
193 374 1198 453 ga, flos ex caeruleo candicans, cyanio flori per¬
188 427 1198 496 quàm similis, verùm major: semen in floribus
193 478 1198 544 compactum, quale in floribus in pappos evane¬
193 531 1195 595 scentibus esse solet: radix crassa, gravis, sesquicu¬
191 582 1195 648 bitum longa, rubescens, succo praegnans rube¬
191 625 1259 707 scente, & cum adstrictione quadam & dulcedi¬
188 689 1203 750 ne acri. Hujus radix sub thapontici nomine of¬
193 742 1200 816 ficinis notissima est.* Radix (quae in usu est) con¬
193 788 1187 859 venit ruptis, convulsis, pleuriticis, spirandi diffi¬
196 847 1200 910 cultati, veteri tussi: sanguinem expuentibus, drach¬
196 900 1213 974 mis duabus trita datur, si febris sit, in aqua cate¬
201 953 1218 1009 ris in vino: item ad tormina, & vulvae dolores.
201 1002 1215 1070 Ramenta ejus in collyrii formam vulvae subdi¬
208 1055 1215 1116 ta, menses atque partus extrahunt. Succus eadem
208 1106 1218 1177 praestat. Vulneribus prodest: nam recens iusa, aut
201 1136 1279 1233 arida antè madefacta, ea glutinat & conjungit.
206 1210 1225 1274 Carnes coaleseunt, si tusa simul decoquatur. In
203 1264 1213 1337 Lycla succum exprimunt, quo pro lycio utuntur.
201 1312 1218 1373 Amat solum pingue, & apricum, ac sylvas & col¬
201 1365 1215 1431 les. Copiosissimum, inquit Dioscorides, in Ly¬
201 1419 1208 1485 cia, Peloponneso, Arcadia, Helide, Messenia, plu
206 1470 1220 1541 ribusque circa Pholoen, Lyciam ac Smyrnam lo¬
201 1523 1223 1579 cis. Reperitur & in Apuliae Gargano, nec non in
203 1571 1220 1635 Baldo agri Veronensis monte: sed quod in Bal¬
206 1625 1220 1696 do monte, ut Matthiolus scribit, Apulo cedit.
206 1663 1284 1744 Simplicis folii centaurium majus Hispania mit. D.
216 1737 1213 1798 tit, atque hinc advectae Antuerpiam radices, ter¬
206 1777 1225 1856 raeque commissae subinde in hortis revirescunt.
211 1836 1225 1902 Aestate hujusmodi Centauria florent, radices
206 1892 1223 1960 autem Autumno legi expedit. Conservatur per
206 1950 892 2009 annum. Dioscorides, & Dodonaeus.
272 1981 1223 2052 CENTAURIUM MINUS (Germ. Tausendgul¬
216 2026 1223 2105 denkraut. Gal. Centaure, ou fiel de terre. Ital. Biondel
211 2098 1218 2159 la. Hisp. Hiel de terra.) origano aut hyperico simi¬
211 2143 1218 2209 le, caule anguloso palmum, excedente: flore lych¬
216 2179 1281 2278 nidis, è puniceo in purpuram vergente: foliis ru¬
221 2250 1215 2311 tae, praelongis & parvis: fructu tritico simili: ra¬
219 2304 1233 2362 dice pusilla, laevi, & supervacua, quae gustanti
221 2354 1225 2418 amaritudinem adfert. Amat loca herbosa, aratro
219 2410 1220 2471 non proscissa, aliquantulum; sed tamen non o¬
216 2456 1231 2525 mnino rigua. Est non modò in Italiae provinciis,
221 2512 1225 2573 verùm & in Germania, ac Belgio abundè fre¬
219 2568 1223 2619 quens, Julio & Augusto unà cum floribus ac siliquis
216 2611 1231 2680 legitur. Conservatur autem per annum.* Herba
206 2675 1220 2723 recens tusa suo illitu vulnera conglutinat: vete¬
206 2705 1276 2781 ra ulcera purgat, & cicatrice obducit. Bilem cras¬ ¬
206 2774 1223 2837 sosque humores per alvum exigit, si decocta devo¬
216 2827 1231 2883 retur. Jus decocti ischia dicis convenientissimè
216 2878 1231 2937 infunditur: trahit enim sanguinem, & dolorem
208 2932 1223 2987 levat. Succus oculorum medieamentis perquàm
206 2982 1233 3041 utilis: si quidem tum melle taliginem oculorum
206 3036 1223 3097 expurgat, in vellere appositus, menses & partus
211 3084 1220 3150 extrahit: epotus peculiariter nervorum vitiis suc¬
208 3135 1210 3204 currit. Dosis est à tertia parte diachmę unius us
208 3191 1220 3277 que ad ξ is. Et in decoctionibus à drachma us¬
221 3242 999 3315 que ad ξ iiij Dioscorides, & Dodonaeus.
242 3305 1215 3389 centaurium minus herba est notissima, & acci¬
1218 74 2278 180 [A] piantur, ut Galenus tradit, flores, frondes, & cy¬
1266 158 2283 224 mae caulium simul, idque statim quando florere
1271 214 2286 277 coepit. Radix est nullius usus. Notandum tamen
1269 264 2283 333 quod in freto Neapolitao quaedam alia herba
1269 315 2283 371 nascatur, quae ita penitùs Centaurium minus re¬
1274 369 2288 435 fert, ut qui non diligentet distinguat, facilè deci¬
1281 414 2296 493 piatur, imò multi Pharmacopaei loco Centaurii
1279 470 2286 534 usurpant. Differunt tamen in eo, quòd in vero
1274 524 2301 592 sit caulis quadrangularis, in altero rotundus, &
1281 577 2288 636 sicuti verum est amarissimum, atque eam ob cau¬
1274 628 2301 689 sam Felterrae vocatur, ita in altero nihil planè
1284 686 1757 765 apparet amatitudinis.
1332 720 2298 793 CHELIDONIUM MAIUS (Germ. Schellkraut/
1281 786 2301 844 oder groß Schwalbenkraut. Gall. Chelidoine. Hispan.
1281 839 2301 903 Cheliduenna.) caule est gracili, cubitali, aut altio¬
1281 895 2298 959 re, agnatis foliosis: foliis ranunculi, mollioribus
1287 948 2296 1014 tamen, & colore caesiis: floreviolae albae secun¬
1289 997 2316 1065 dum singula folia prodeunte. In eo succus cro¬
1289 1050 2304 1111 ci, mordax, acris, & aliquantulum subamarus,
1299 1103 2314 1175 graviter olens. Radix supernè singularis, infernè
1287 1154 2309 1215 in multa crocea capillamenta fibratur.  Siliqua
1294 1205 2314 1271 ceu corniculati papaveris, tenuis in metae figu¬
1294 1264 2309 1317 ram longa: in qua semen papavere majus reclu¬
1297 1314 2304 1375 ditur. Nascitur prope sepes, in scrobium ripis, se¬
1302 1365 2309 1426 cus vias, inter rudera, & in ędificiorum ruinis seu
1307 1416 2309 1485 parietinis. Colligitur in principio aestatis. Con¬
1302 1470 2316 1533 servatur autem per annum.* Succus in aereo va¬
1297 1523 2319 1581 se, cum melle, prunis decoctus, oculis claritatem
1302 1576 2316 1642 adfert. Foliis, caule, radice, succus exprimitur in¬
1302 1630 2309 1681 eunte ęstate, & siccatus in umbra digeritur in pa¬
1299 1681 2316 1742 stillos. Radix cum aniso & vino albo pota, me¬
1304 1737 2321 1795 detur regio morbo & ulceribus quae serpunt: im¬
1304 1787 2319 1848 posita cum vino, aut manducata, dentium dolo¬
1307 1838 2314 1894 rem sedat. Hoc nomen videtur sibi vendicasse.
1299 1892 2319 1965 quòd adventu hirundinum exoriatur: & disces¬
1307 1942 2309 2001 su emarcescat. Sunt, qui narrant, hirundines ma¬
1304 1993 2319 2059 tres excaecatis pullis, admota herba, visum resti¬
1304 2054 1670 2110 tuere. Dioscorides.
1360 2077 2324 2164 CALAMINTHAE tres sunt species: una mon¬
1304 2151 2319 2212 tibus familiaris (Germ. Katzenmuntz. Gall. Cala¬
1294 2209 2316 2276 ment, ou Poliot sauuage, ou Herbe à Chat. vocitatum)
1304 2260 2324 2321 folia ocymi habens, in cana: surculos & caules
1299 2316 2309 2375 angulosos, purpureum florem. Altera pulegio
1304 2367 2301 2426 similis est, sed major: (German. Wilden Polet.
1314 2418 2324 2481 quam sylvestre pulegium ideo appellarunt, quòd
1304 2466 2319 2532 odore ipsum aemuletur. nepetam Latini vocant.
1312 2520 2319 2581 Tertia (German. Geetmüntz.) mentastro cognata
1304 2576 2319 2634 est, foliis oblongioribus, caule & ramis majori¬
1307 2624 2324 2685 bus, quàm superiora, sed viribus inefficacior.
1304 2672 2319 2741 Omnium folia gustu impensè ferventia, & acria,
1299 2728 2319 2794 radix supervacua. Ex calaminthae generibus fre¬
1312 2781 2321 2843 quentior est usus, quae Latinis Nepeta vocatur.
1304 2835 2321 2906 Nascitur in campestribus asperis, & aquosis. Col¬
1299 2878 2316 2962 ligitur mense Junii & Julii. Conservatur per an¬
1297 2944 2319 2993 num.* Potu aut illitu demorsis à serpente opi¬
1299 2995 2316 3064 tulatur. Decoctum potu, menses & urinas expel¬
1302 3046 2319 3132 lit: ruptis, convulsis, orthopnoeae, torminibus,
1294 3094 2321 3155 choleris, horroribusque auxinatur: regium mor¬
1297 3153 2316 3234 bum expurgat. Praesumta in vino venenis resi¬
1294 3206 2321 3272 stit. tineas, caeteraque interaneorum animalia
1294 3257 2316 3328 cum sale & melle pota, enecat: nec secus cocta,
1289 3308 2316 3397 crundáve si teratut. Elephanticos esitata adjuvat,
2095 3364 2309 3437 si postea
