2479 3508
196 44 329 154 137
642 39 1818 146 De Foliis calidis in gradu tertio.
2116 42 2283 141 135
188 94 1233 206 si postea serum lactis ebibatur. Folia detrita si in
183 190 1192 253 vellere subjiciantur, menses extrahunt, & partus
177 243 1192 310 enecant: accensa, aut substrata, serpentes fugant:
180 295 1195 360 nigris cicatricibus candorem reddunt in vino co¬
180 342 1195 428 cta & illita: sugillata tollunt. Calamintha ischia¬
183 397 1200 454 dicis imponitur, ut ex alto humores evocet,
180 446 1200 524 summam cutem exurens. Vermes necat succus
185 498 835 561 auribus instillatus. Dioscorides.
243 550 1208 608 Calamenthum tametsi tres species habeat, ni¬
183 603 1203 668 hilominùs indifferenter quaecunque ex illis in
190 644 1257 730 promptu sit, usurpari poterit: ac propterea Dio¬
183 707 1210 772 scor. confusè facultates omnium trium exponit,
185 764 1216 822 sicuti Galenus quoque facit: unde contigit, quòd
185 814 1216 877 Andromachus senior assumit Calamenthum, &
188 866 1203 937 junior retinens Latinam denominationem vo¬
188 913 1208 989 cat Nepetam, nam nulla est inter haec differen¬
188 970 1203 1028 tia, & quia passim Nepeta sese offert, accipi de¬
190 1020 1197 1085 bet collecta in locis siccis, & suo tempore, nimi¬
188 1075 1205 1140 rum quando floret, & semen incipit producere.
193 1124 1200 1200 In usu est planta universa, excepta radice & li¬
203 1184 856 1263 gnoso stipite, quae abjiciuntur.
253 1229 1216 1297 CONTZAE tria genera sunt: major, minor, &
201 1284 1203 1344 media. Major vulgo pulicaria dicitur, frutice al¬
201 1333 1203 1409 tior, & foliis latioribus, quam minor, gravi odo¬
201 1385 1208 1453 re. Minor odore praestantior est. Utriusque folia
211 1437 1216 1500 olivae similia, hirsuta, pinguia. in majore caulis
211 1490 1210 1552 binum cubitorum altitudine attollitur: in minore
222 1544 1210 1612 pedem aequat. flos fragilis, lutei coloris, qui in
237 1599 1218 1662 pappum abit radices supervacuae. Nascuntur
248 1646 1216 1717 passim. Media conyza, caule crassiore ac mol¬
235 1675 1276 1766 liore: foliis mediae inter majorem & minorem am¬
237 1745 1213 1816 plitudinis: minimè pinguis, multò tamen gra¬
227 1797 1224 1865 rioris odoris, & jucundioris, sed inefficacior.
235 1857 1210 1920 provenit locis humentibus. Priora duo genera e¬
230 1904 1210 1967 liguntur.* Suffitu, substratuque frutex totus ser¬
224 1959 1208 2022 pentes fugat, culices abigit, & pulices necat Fo¬
206 2009 1218 2079 lia convenienter illinuntur serpentium plagis, &
206 2064 1216 2121 tuberculis ac vulneribus. Flores & folia cum vi¬
214 2118 1224 2178 no ad menses, partusque ejiciendos bibuntur: item
214 2168 1224 2236 contra urinae stillicidia, arquatum morbum, &
214 2223 1237 2285 tormina: comitiales pota ex aceto adjuvant. De¬
209 2272 1231 2337 coctum in desessionibus medetur vulvae malis.
209 2324 1224 2395 Impositus succus abortum facit. Herba ex oleo
206 2377 1224 2455 efficaciter horroribus oblinitur. Capitis dolo¬
206 2434 903 2504 res tenuis illita sanat. Dioscorides.
266 2476 1226 2546 FOENICULUM (Germ. Fenckel. Ital. Finochio.
206 2533 1226 2588 Gall. Fenouill. Hisp. Hinoia.) omnibus notum est.
209 2588 1216 2653 Nascitur partim in hortis. Colligitur caule tur¬
217 2648 1234 2705 gescente. Florescit mense Junii & Julii. Seritur
209 2690 1216 2750 Februario mense, locis apricis & modicè saxo
209 2742 1226 2804 sis.* Si herba edatur, aut semen cum ptisana bi¬
206 2794 1237 2859 batur, mammas lacte replet. Comae decoctum
206 2846 1229 2909 in renum doloribus subditum proficit, quippe
206 2901 1229 2958 quòd urinam excitet. Contra serpentium ictus
198 2948 1221 3010 in vino convenienter bibitur: menses ciet: in fe¬
206 3000 1237 3065 bribus nauseam, & stomachi fervorem ex aqua
201 3057 1231 3128 frigida potum sedat. Contritae radices, & cum
209 3104 1231 3188 melle illitae, morsibus canum medentur. Succus
214 3157 1234 3224 caule & foliis exprimitur, & in Sole siccatus, in
206 3209 1237 3269 medicamenta adjicitur, quae ad excitandam ocu¬
217 3261 1247 3334 lorum aciem commodè temperantur. Extrahi¬
222 3316 1250 3415 tur succus ad eadem valens, etiam semine viri¬
1233 104 2285 197 [A] di, ramulisque & radicibus prima germinatione
1263 177 2285 243 incisis. In Iberia, quae ad Occidentem spectat, sue¬
1270 240 2288 297 cum reddit gummi similem. Caulem medium,
1276 290 2285 355 dum herba floret, rustici demetunt, ignique ad¬
1268 337 2296 410 movent, quò faciliùs vi caloris exudans, gummi
1278 397 2285 454 remittat: quod efficacius succo est ad medica¬
1281 443 1897 517 menta oculorum. Dioscorides.
1323 485 2285 550 Foeniculi quasi omnes partes in usum assu¬
1276 553 2283 610 muntur, attamen semen siccum & recens magis
1276 603 2290 668 est efficax & usitatius: de quo etiam ad Theria¬
1276 652 2290 710 [B] cam accipiatur. Hoc intellexit Galen. lib. 7. de
1278 707 2285 764 simplicib. Medic. ubi constituit calidum in ter¬
1276 754 2283 817 tio gradu. Nam semen ejus aliis omnibus parti¬
1284 814 2288 877 bus est acrius. Ac tametsi Andromachus senior
1281 861 2283 918 in hac compositione id non explicet, junior ta¬
1286 913 2288 968 men & Damocrates, & Aetius, in suis Theriacis
1278 963 2296 1025 hoc manifestè dicunt. Debet autem semen esse
1276 1015 2290 1075 benè maturum, non furfurosum, granorum ae¬
1276 1067 2280 1132 qualium, odoratorum & in gustu acrium. Ob¬
1276 1119 2285 1179 servandum quoque ne accipiamus eam speciem
1284 1179 2290 1237 [C] quae saporem mistum habet cum Aniso: unde
1276 1224 2285 1281 dicitur Foeniculo-anisum: sed alterum quod &
1284 1276 2285 1344 ipsum seminatur, & vulgò vocant Foeniculum
1284 1328 2298 1385 amarum: quo etiam utimur in multis condimentis.
1336 1380 2285 1448 JUNIPERI (Germ. Beckholder / Krammetbeer.
1289 1427 2270 1495 Gal. du Geneure. Ital. Ginepro. Hisp. El enepro.) ge¬
1281 1484 2285 1542 nera duo: altera major, altera minor. utraque a¬
1286 1531 2296 1591 cris est. Nascitur in montibus, locis maritimis &
1281 1589 2283 1644 incultis. Colligitur, & maximè fructus in autu¬
1281 1641 2288 1701 mno.* Excalfacit & urinam movet: accensa ser¬
1289 1685 2296 1761 [D] pentes fugat. Baccarum nonnullae nucis juglan¬
1284 1750 2288 1808 dis magnitudine nonnunquam grandescere, a¬
1286 1792 2288 1855 liae nucem Pontitam aequare inveniuntur, ro¬
1289 1847 2296 1904 tundae, odoratae, in mandendo dulces, subama¬
1286 1897 2298 1970 rae, quae arceuthides etiam, id est, baccę juniperi,
1299 1949 2306 2014 nominantur. Modicè calfaciunt & astringunt,
1286 2001 2306 2071 stomacho utiles: contra pectoris vitia, tussim,
1297 2053 2290 2124 inflationes, tormina, & serpentium ictus effica¬
1299 2105 2306 2170 cissimè bibuntur: urinam cient, unde ruptis, con¬
1299 2155 2314 2212 vulsis, & vulvae strangulatui subveniunt. Folia
1294 2204 2311 2264 [E] acrimoniam habent: ideo tam ipsa, quàm eorum
1294 2259 2309 2327 suecum ex vino contra viperarum morsus illini
1302 2311 2304 2382 aut bibi prodest. Corticis cinis cum aqua illitus,
1294 2371 1831 2434 lepras eximit. Dioscorides.
1299 2387 2309 2497 HELENIUM (German. Alantwurtz. Gal. Enula,
1304 2465 2306 2523 Campana, aulnee. Ital. Lelle, enola Hisp. Raiz de ella.)
1299 2520 2309 2585 folia habet verbasci angustioris foliis asperio¬
1299 2567 2304 2632 ra, oblonga: caulem quibus dam in locis non emit¬
1304 2614 2309 2684 tit: radicem subalbidam, interdum fubrufam,
1307 2674 2322 2742 odoratam, subacrem, vegetam, magnam: ex qua
1304 2729 2309 2791 agnatae propagines liliorum, aut ari modo ferun¬
1307 2778 2322 2841 [F] tur. Montanis, umbrosis, & siccis locis provenit.
1304 2830 2309 2893 Foditur aestate radix, particulatimque dissecta sic¬
1315 2883 2317 2945 catur* Potum radicis decoctum menses & uri¬
1315 2937 2322 3003 nas ciet. Ipsaque in eclegmate ex melle prodest
1304 2987 2322 3070 tussi, orthopnoeę, ruptis, convulsis, inflationibus,
1317 3042 2322 3107 & serpentium morsibus. In summa, excalfacient
1315 3094 2330 3154 est. Folia ejus ex vino cocta utiliter ischia dicis
1310 3146 2327 3209 illinuntur. Helenii radix et stomacho utilis est in
1320 3196 2335 3271 passo condita: siquidem salgamarii paululum sic¬
1317 3251 2332 3308 catam eam, mox decoctam, & frigida aqua made¬
1323 3300 2337 3397 factam, in sapam conjiciunt, & ad usus recondunt.
