2479 3508
206 79 388 139 139

771 67 1178 127 Antidotarii
1209 67 1479 127 specialis
1522 67 1668 127 Lib.
1688 68 1761 128 I.

2122 68 2286 128 140

195 120 1236 199 Trita, potaque ad eruentas execrationes efficax
210 194 273 254 est.
285 193 424 253 Alterum
437 191 587 251 Helenii
606 189 726 249 genus
745 188 782 248 in
801 188 983 248 Aegypto
1002 188 1109 248 gigni
1135 188 1222 248 Cra¬

203 247 306 307 tevas
330 244 456 304 iradit.
468 242 589 302 Herba
612 242 658 302 est
675 241 877 301 cubitalib.
888 241 1061 301 ramuls,
1078 239 1216 299 serpyl¬

201 298 225 358 li
242 298 366 358 modo
390 296 455 356 per
473 295 638 355 humum
656 292 898 352 repentibus:
910 292 1010 352 foliis
1028 292 1211 352 lenticulę

201 349 299 409 circa
321 347 471 407 ramos,
483 347 540 407 sed
558 346 776 406 longioribus
788 344 1024 404 crebrisquera
1041 343 1116 403 dice
1139 343 1219 403 pal¬

198 400 310 460 lida;
327 400 433 460 digiti
445 398 609 458 minoris
632 397 903 457 crassitudine,
920 395 1073 455 perima
1090 397 1213 457 tenui,

212 451 378 511 supernè
395 451 590 511 crassiore,
601 449 745 509 cortice
762 448 888 508 nigro.
899 448 1071 508 Nascitur
1083 447 1117 507 in
1140 448 1220 508 ma¬

198 503 361 563 ritimis,
372 500 650 560 collibusque.
672 499 796 559 Radix
813 499 887 559 una
915 499 954 559 in
965 499 1061 559 vino
1084 500 1219 560 epota,

202 555 341 615 contra
363 551 600 611 serpentium
616 550 713 610 ictus
734 550 955 610 auxiliatur.
966 549 1192 609 Dioscorides.

257 605 537 665 HYSSOPUM
560 604 703 664 (Germ
720 604 823 664 Ispen
840 603 938 663 /oder
960 602 1057 662 Jsop.
1069 600 1172 660 Gall.
1184 598 1218 658 de

211 655 396 715 CHysope.
409 656 502 716 Ital.
515 656 634 716 Hysopo
661 656 760 716 Hisp
786 655 958 715 Hyssopo.)
985 653 1216 713 Graecorum

201 707 321 767 herba
351 707 405 767 est,
417 706 519 766 foliis
543 706 579 766 &
597 706 729 766 florib.
741 706 903 766 origano
927 704 1131 764 similibus,
1143 701 1209 761 ho¬

207 760 266 820 die
283 760 536 820 incognitum
559 759 777 819 Hyssopum
794 758 918 818 Mesuę
935 757 1217 817 domesticum,

212 809 260 869 est
278 811 459 871 hyssopum
471 812 645 872 vulgare,
657 811 765 871 quod
783 811 813 871 in
832 809 952 869 hortis
975 808 1132 868 colitur.
1144 808 1223 868 Syl¬

213 862 325 922 vestre
346 863 506 923 naicitur
522 863 560 923 in
576 862 799 922 montibus,
810 862 1039 922 thymumque
1055 860 1215 920 vulgare

212 913 266 973 est.
279 914 424 974 Utrumque
436 914 617 974 thymbrę
641 914 780 974 species
804 914 871 974 est,
889 913 925 973 &
943 913 1106 973 hyssopo
1130 910 1221 970 sub¬

207 965 313 1025 stitui
330 965 466 1025 potest,
483 965 683 1025 praesertim
701 965 889 1025 sylvestre,
901 964 1084 1024 thymum
1101 964 1224 1024 dictu.

219 1016 436 1076 Colligitur
454 1016 610 1076 menseJ
616 1016 719 1076 unii.
731 1016 965 1076 Conservatur
984 1016 1043 1076 per
1062 1016 1230 1076 annum.

204 1063 330 1123 TVim
353 1068 473 1128 habet
502 1070 737 1130 extenuandi
760 1069 789 1129 e&
806 1067 1059 1127 calfaciendi.
1076 1066 1213 1126 Deco.

205 1121 321 1181 ctum
345 1120 391 1180 cum
403 1120 497 1180 ficis,
509 1120 625 1180 aqua,
636 1121 742 1181 melle
765 1121 800 1181 &
812 1121 911 1181 ruta,
923 1120 1110 1180 potumque
1121 1117 1214 1177 peri¬

204 1171 508 1231 pneumonicis,
520 1171 698 1231 diuturnę
716 1172 812 1232 tussi,
823 1171 1055 1231 suspiriosis,
1067 1169 1222 1229 destilla.

206 1223 404 1283 tionibus,
415 1223 452 1283 &
467 1223 744 1283 orthopnorcis
759 1222 1109 1282 auxiliatar:tintas
1125 1220 1219 1280 ene¬

213 1273 284 1333 cat.
296 1276 401 1336 Idem
419 1276 525 1336 facit,
531 1276 554 1336 si
572 1276 654 1336 cum
678 1276 784 1336 melle
807 1274 1048 1334 delingatur,
1060 1273 1213 1333 crassum

207 1327 430 1387 humorem
452 1327 516 1387 per
532 1327 660 1387 alvum
681 1325 852 1385 extrahit,
862 1324 1038 1384 decoctum
1049 1324 1087 1384 ex
1102 1325 1214 1385 aceto

206 1378 337 1438 mulso
354 1378 540 1438 epotum.
568 1379 633 1439 Ad
650 1378 907 1438 subducendam
924 1376 1050 1436 alvum
1067 1375 1154 1435 cum
1171 1375 1214 1435 fi¬

214 1429 258 1489 cis
280 1429 435 1489 viridib.
446 1429 589 1489 detritis
605 1430 831 1490 manditur:
847 1429 1134 1489 vehementiusque
1150 1427 1216 1487 ad¬

200 1480 274 1540 dita
296 1480 354 1540 iti,
365 1480 641 1540 cardamomo,
657 1481 716 1541 aut
732 1480 875 1540 itione,
886 1480 1029 1540 dejicit:
1040 1480 1215 1540 colorem

209 1529 246 1589 in
262 1529 429 1589 corpore
450 1531 574 1591 fovet.
600 1531 714 1591 Lieni
735 1531 767 1591 &
784 1532 891 1592 aquae
907 1532 1004 1592 inter
1020 1531 1122 1591 cutem,
1133 1531 1213 1591 cum

209 1582 289 1642 fico
306 1582 461 1642 nitroque,
478 1583 863 1643 inflammationibus
880 1582 995 1642 quod
1012 1582 1047 1642 ex
1064 1582 1156 1642 vino
1173 1583 1214 1643 il¬

209 1633 357 1693 linitur:
368 1633 451 1693 cum
467 1634 643 1694 fervente
659 1635 758 1695 aqua
780 1636 1022 1696 impositum,
1033 1636 1208 1696 sugillata

207 1687 388 1747 discutit,
399 1687 489 1747 cum
512 1687 681 1747 decocto
697 1688 866 1748 ficorum
889 1688 1035 1748 optimè
1058 1687 1210 1747 anginis

208 1738 494 1798 gargarizatur.
520 1739 750 1799 Decoctum
776 1739 863 1799 cum
884 1738 1001 1798 aceto
1027 1738 1211 1798 dentium

206 1789 399 1849 dolorem
421 1789 459 1849 in
481 1789 706 1849 collutione
723 1790 850 1850 sedat:
861 1789 1092 1849 inflationes
1114 1789 1212 1849 auri¬

206 1840 389 1900 cularum
405 1840 561 1900 vaporis
578 1841 706 1901 suffitu
728 1841 895 1901 discutit.
906 1841 1023 1901 Dosis
1045 1840 1123 1900 ejus
1145 1840 1212 1900 de¬

216 1891 415 1951 coctionis
438 1891 478 1951 est
501 1891 518 1951 à
535 1891 587 1951 3v
609 1892 729 1952 usque
752 1892 793 1952 ad
815 1892 884 1952 3X.
901 1892 935 1952 &
947 1894 1112 1954 pulveris
1135 1894 1209 1954 ejus

216 1940 240 2000 à
258 1940 276 2000 3
294 1942 331 2002 ij.
337 1942 422 2002 usque
440 1942 483 2002 ad
501 1942 519 2002 Z
538 1942 574 2002 B.
586 1942 799 2002 Diostorides,
811 1942 853 2002 &
865 1942 1066 2002 Salidinus.

255 1993 428 2053 LAURUS
451 1993 602 2053 (Germ.
614 1994 844 2054 Lolberbaum.
855 1994 945 2054 Gall.
956 1996 1113 2056 Laurier.
1125 1997 1209 2057 Ital.

204 2045 320 2105 Lauro
341 2045 457 2105 alloro.
473 2044 632 2104 Hispan.
643 2045 763 2105 Laurel
775 2045 917 2105 arbol)
939 2047 1126 2107 quaedam
1147 2050 1207 2110 te¬

210 2095 284 2155 nui
302 2096 394 2156 folio
417 2096 584 2156 constat.
595 2098 699 2158 altera
717 2098 877 2158 latiore.
894 2098 924 2158 *
941 2099 1079 2159 Utraque
1096 2099 1222 2159 etcal¬

208 2146 412 2206 factoriam
434 2147 612 2207 naturam
628 2149 763 2209 habet,
773 2149 806 2209 &
822 2150 1113 2210 emollientem.
1129 2150 1215 2210 Un¬

207 2199 252 2259 de
269 2198 477 2258 decoctum
505 2200 634 2260 earum
657 2201 696 2261 in
719 2203 932 2263 muliebres
954 2203 1118 2263 infessus
1140 2203 1207 2263 ad¬

215 2249 358 2309 ditum,
369 2250 491 2310 vulvae
507 2251 540 2311 &
557 2252 683 2312 vesicae
700 2253 799 2313 vitiis
816 2255 1019 2315 convenit.
1041 2254 1212 2314 Virentia

215 2300 309 2360 folia
334 2302 467 2362 sensim
485 2303 775 2363 subsringunt:
793 2305 887 2365 illita
913 2306 1045 2366 quoque
1063 2306 1101 2366 ac
1120 2308 1228 2368 trita,

211 2353 382 2413 vesparum
393 2354 553 2414 apumque
570 2356 707 2416 ictibus
724 2357 991 2417 opitulantur:
1015 2357 1112 2417 eadem
1129 2357 1208 2417 cum

215 2407 377 2467 polenta
403 2407 434 2467 &
449 2407 544 2467 pane
564 2407 653 2467 illita
669 2408 1034 2468 inflammationem
1050 2408 1211 2468 omnem

207 2455 376 2515 mitigant:
393 2456 455 2516 sed
472 2456 562 2516 pota
585 2459 833 2519 stomachum
855 2461 1081 2521 effundunt,
1092 2461 1125 2521 &
1137 2460 1210 2520 vo¬

208 2507 394 2567 mitiones
416 2508 585 2568 movent.
596 2510 709 2570 Lauri
726 2512 856 2572 baccae
873 2513 997 2573 magis
1019 2512 1132 2572 quàm
1155 2510 1217 2570 fo¬

206 2558 263 2618 lia
280 2560 504 2620 calfariunt.
521 2562 624 2622 Ergo
647 2563 682 2623 in
699 2564 912 2624 eclegmate
923 2564 1027 2624 tritae
1044 2564 1089 2624 cum
1101 2564 1210 2624 melle

216 2612 257 2672 &
268 2612 374 2672 passo
403 2612 561 2672 prosunt
578 2613 666 2673 tabi,
684 2615 959 2675 orthopnoeae,
976 2617 1012 2677 &
1023 2617 1210 2677 omnibus

207 2661 384 2721 thoracis
400 2664 715 2724 theumatismis:
731 2666 869 2726 contra
886 2668 1107 2728 scorpionum
1117 2669 1211 2729 ictus

211 2713 246 2773 ex
264 2713 352 2773 vino
371 2714 571 2774 bibuntur:
589 2716 795 2776 vitiligines
820 2719 1056 2779 emaculant.
1068 2719 1215 2779 Succus

215 2764 421 2824 batearum
444 2766 639 2826 utilissimè
662 2768 816 2828 abrium
839 2770 965 2830 dolori
989 2771 1023 2831 &
1034 2770 1212 2830 gravitati

213 2816 412 2876 instillatur
434 2818 517 2878 cum
533 2819 616 2879 vino
638 2821 777 2881 vetere,
788 2821 821 2881 &
832 2822 1009 2882 rosaceo.
1026 2822 1064 2882 In
1082 2822 1203 2882 medi¬

210 2867 387 2927 tamenta
407 2869 534 2929 autem
554 2870 625 2930 adi
635 2872 802 2932 ciuntur,
812 2873 894 2933 quae
909 2873 1117 2933 nervorum
1132 2873 1198 2933 las¬

209 2918 399 2978 situdines
416 2921 618 2981 reficiunt,
636 2924 758 2984 acopa
775 2926 921 2986 vocant
950 2926 983 2986 &
1000 2926 1045 2986 ad
1062 2926 1213 2986 unguen¬

196 2971 230 3031 ta
252 2971 338 3031 quae
355 2972 560 3032 calfaciunt
582 2973 616 3033 &
633 2976 866 3036 discutiunt.
890 2978 1043 3038 Cortex
1065 2980 1207 3040 tadicis

210 3022 384 3082 calculos
402 3023 518 3083 rumpit,
536 3025 659 3085 partus
682 3027 816 3087 necat,
827 3029 1014 3089 hepaticis
1037 3032 1205 3092 prodest,

197 3073 332 3133 aribus
353 3073 471 3133 oboli
503 3074 541 3134 in
557 3076 649 3136 vino
665 3079 847 3139 odotato
863 3082 982 3142 potus
1003 3082 1159 3142 Dioscor.

251 3128 542 3188 MALORANA,
553 3130 776 3190 Amaracus,
788 3132 1045 3192 Sampsuchus
1062 3134 1205 3194 (Germ.

192 3174 374 3234 Majoian
386 3178 446 3238 vel
462 3181 629 3241 Meyran.
640 3182 723 3242 Gal.
739 3184 955 3244 Mariolaine,
966 3184 1010 3244 ou
1027 3186 1203 3246 Marone.)

192 3230 315 3290 heiba
343 3230 382 3290 est
399 3232 550 3292 ramosa
578 3233 797 3293 pericriam
814 3235 976 3295 repens:
993 3236 1100 3296 foliis
1117 3238 1195 3298 ejus

195 3286 463 3346 calaminthae,
477 3287 566 3347 quae
580 3289 683 3349 tenui
704 3289 800 3349 folio
821 3290 986 3350 constat,
993 3290 1144 3350 hirfutis
1165 3292 1199 3352 &

1236 106 2301 200 [A] rotundis, suavissimum odorem spirat: ideo coro¬
1284 188 1338 248 nis
1363 187 1538 247 inseritur
1556 187 1731 247 Nascitur
1755 187 1882 247 passim
1900 187 1937 247 in
1955 187 2094 247 hortis.
2118 185 2293 245 Colligi¬

1288 239 1365 299 tur,
1376 239 1501 299 mense
1525 238 1667 298 Aptilis
1690 238 1725 298 &
1738 237 1850 297 Maji.
1880 238 2145 298 Conservatur
2169 240 2293 300 autem

1285 292 1353 352 per
1370 290 1537 350 annum.
1543 289 1566 349 *
1583 289 1646 349 Vis
1669 289 1750 349 ejus
1767 289 2042 349 excalfaciens.
2059 291 2209 351 Succus
2226 292 2295 352 de¬

1289 340 1386 400 cocti
1403 343 1542 403 potus,
1548 343 1735 403 convenit
1752 341 2035 401 incipientibus
2054 342 2294 402 hydropicis,

1293 394 1332 454 &
1343 394 1388 454 iis
1410 394 1511 454 quos
1527 394 1634 454 urinę
1656 394 1885 454 difficultas,
1896 394 1952 454 aut
1974 394 2136 454 tormina
2164 394 2293 454 excru¬

1294 445 1399 505 ciant
1416 446 1510 506 Illita
1533 446 1569 506 ex
1592 446 1697 506 melle
1720 446 1820 506 arida
1837 445 1955 505 folia,
1972 445 2142 505 sugillata
2165 445 2293 505 tollunt:

1292 496 1447 556 menses
1465 497 1615 557 subdita
1638 497 1672 557 in
1690 497 1793 557 pesso
1810 497 1983 557 trahunt:
2001 496 2105 556 contra
2122 496 2301 556 scorpio¬

1285 547 1344 607 nis
1366 548 1484 608 ictum
1505 550 1538 610 ex
1559 550 1672 610 aceto
1693 550 1726 610 &
1742 548 1812 608 sale
1828 548 2053 608 illinuntur:
2069 548 2219 608 laxatis,
2231 548 2300 608 tu¬

1281 601 1517 661 moribusque
1533 602 1665 662 cerato
1691 602 1838 662 excepta
1860 599 2144 659 imponuntur:
2165 599 2296 659 adver¬

1219 655 1247 715 B
1282 653 1345 713 sub
1374 652 1592 712 oculorum
1620 652 1999 712 inflammationes,
2017 652 2108 712 cum
2137 652 2292 712 polline

1284 705 1474 765 polentae,
1485 704 1578 764 illini
1595 703 1751 763 prodest
1779 704 1946 764 Acopis,
1958 704 2292 764 malagmatisque

1286 755 1549 815 calefaciendi
1566 755 1689 815 gratia
1706 755 1997 815 commiscetur.
2009 755 2227 815 Dioscorides.

1350 808 1579 868 Amaracus,
1595 808 1634 868 &
1644 806 1851 866 Majorana
1868 806 2064 866 vulgaris,
2081 806 2157 866 una
2173 806 2288 866 herba

1307 859 1372 919 est:
1394 859 1497 919 cujus
1519 859 1655 919 pariter
1677 859 1791 919 cymae
1807 857 1895 917 cum
1911 856 2075 916 floribus
2096 856 2129 916 &
2145 856 2292 916 semini¬

1285 910 1360 970 bus
1382 911 1527 971 siccatis
1554 911 1597 971 ad
1613 911 1797 971 umbram
1813 910 2033 970 sumuntur,
2044 910 2206 970 vocatur
2227 910 2297 970 ad¬

1292 961 1369 1021 huc
1394 964 1529 1024 passim
1548 964 1696 1024 velgò,
1709 964 1856 1024 sanfico,
1869 964 1960 1024 quia
1979 962 2114 1022 Latinè
2133 962 2306 1022 sampsu¬

1290 1015 1414 1075 chum
1430 1016 1593 1076 dicitur.

1341 1066 1513 1126 MARUM
1544 1067 1686 1127 species
1717 1067 1760 1127 est
1785 1067 2007 1127 Majoranae
2025 1066 2154 1126 istius,
2173 1066 2290 1126 quam

1283 1117 1410 1177 vulgò
1440 1120 1640 1180 Gentilem
1658 1120 1888 1180 vocamus:
1912 1119 1990 1179 Alii
2008 1118 2147 1178 Persam
2165 1118 2298 1178 genti¬

1276 1171 1375 1231 lem.
1387 1171 1563 1231 Neapoli
1575 1172 1615 1232 in
1633 1171 1791 1231 fictilib.
1814 1171 1902 1231 ante
1925 1169 2107 1229 fenestras
2130 1169 2224 1229 culta
2242 1168 2307 1228 re¬

1289 1223 1462 1283 peritur:
1484 1222 1590 1282 cujus
1613 1222 1730 1282 cymae
1747 1223 1976 1283 sumuntur,
1992 1222 2154 1282 quando
2172 1220 2294 1280 plenae

1294 1273 1378 1333 sunt
1395 1274 1620 1334 seminibus,
1631 1274 1716 1334 cum
1738 1274 1942 1334 nonnullis
1964 1274 2042 1334 etiam
2054 1274 2178 1334 adhuc
2195 1273 2302 1333 floti¬

1291 1325 1381 1385 bus,
1398 1325 1432 1385 &
1443 1327 1477 1387 in
1493 1327 1634 1387 umbra
1652 1325 1720 1385 per
1736 1325 1889 1385 aliquot
1905 1325 1984 1385 dies
2001 1324 2210 1384 siccantur.

1332 1379 1543 1439 MENTHA
1560 1378 1709 1438 (Germ.
1721 1377 1829 1437 Müng
1846 1376 1852 1436 /
1864 1375 2184 1435 Kranßvischmünz.
2195 1376 2298 1436 Gall.

1281 1429 1317 1489 de
1334 1429 1365 1489 la
1388 1429 1542 1489 Menthe.
1548 1429 1655 1489 Hisp.
1667 1430 1827 1490 Layerua
1845 1430 1993 1490 buena.)
1999 1429 2160 1489 cognita
2178 1427 2296 1487 herba

1292 1480 1352 1540 est.
1370 1480 1544 1540 Nascitur
1568 1480 1700 1540 passim
1718 1481 1748 1541 in
1772 1481 1910 1541 hortis.
1934 1481 2144 1541 Colligitur
2168 1480 2288 1540 mense

1292 1532 1435 1592 Aprilis
1452 1531 1503 1591 vel
1520 1531 1634 1591 Maji.
1645 1531 1817 1591 Siccatur
1839 1532 1880 1592 in
1891 1532 2051 1592 umbra.
2068 1531 2290 1591 Conserva¬

1291 1585 1350 1645 tur
1362 1583 1594 1643 perannum
1612 1583 1641 1643 *
1659 1585 1920 1645 Calfaciendi,
1932 1586 2205 1646 adstringendi,
2217 1585 2294 1645 atque

1290 1636 1498 1696 exiccandi
1509 1636 1584 1696 vim
1601 1637 1739 1697 habet.
1768 1637 1865 1697 Sistit
1883 1637 2130 1697 sanguinem,
2142 1636 2234 1696 poto
2257 1636 2297 1696 ex

1265 1687 1404 1747 aceto
1430 1687 1555 1747 succo:
1560 1687 1684 1747 tineas
1710 1687 1747 1747 in
1762 1688 1861 1748 ventre
1881 1688 2011 1748 teretes
2031 1687 2187 1747 enecat:
2208 1684 2285 1744 Ve¬

1285 1739 1423 1799 nerem
1439 1739 1627 1799 stimulat.
1649 1740 1881 1800 Singultus,
1897 1741 2140 1801 vomitiones
2162 1738 2294 1798 chole¬

1290 1792 1400 1852 rasque
1417 1790 1545 1850 sedant
1567 1790 1661 1850 terni
1678 1792 1812 1852 ramuli
1834 1792 1912 1852 cum
1928 1793 2034 1853 acidi
2051 1792 2195 1852 granati
2212 1789 2295 1849 suc¬

1295 1843 1340 1903 co
1362 1843 1459 1903 poti.
1481 1843 1802 1903 Suppurationes
1819 1844 1988 1904 discutit,
1999 1844 2016 1904 si
2033 1844 2123 1904 cum
2140 1843 2298 1903 polenta

1293 1894 1481 1954 illinatur.
1493 1894 1675 1954 Imposita
1698 1895 1783 1955 fronti
1806 1895 1932 1955 capitis
1954 1895 2114 1955 dolores
2137 1895 2291 1955 mulcet:

1277 1945 1499 2005 mammas.
1510 1943 1531 2003 si
1547 1945 1759 2005 tendantur
1781 1946 1846 2006 aut
1862 1948 1959 2008 lacte
1975 1949 2176 2009 turgeant,
2187 1945 2300 2005 com¬

1286 1999 1403 2059 pescit
1421 1997 1508 2057 cum
1527 1999 1603 2059 sale
1620 1999 1755 2059 canum
1779 2000 1966 2060 morsibus
1984 1999 2166 2059 illinitur:
2183 1997 2300 2057 aurium

1288 2050 1499 2110 doloribus
1520 2051 1604 2111 cum
1620 2051 1726 2111 aqua
1747 2052 1863 2112 mulsa
1884 2053 2074 2113 subvenit:
2089 2051 2216 2111 vulvae
2232 2048 2300 2108 an¬

1290 2101 1328 2161 te
1345 2101 1491 2161 coitum
1513 2102 1674 2162 admota
1697 2104 1953 2164 conceptioni
1970 2105 2121 2165 resistit:
2143 2105 2288 2165 linguae

1291 2152 1476 2212 scabririem
1488 2154 1666 2214 confricta
1685 2155 1863 2215 laevigat.
1889 2156 1958 2216 Lac
1977 2157 2098 2217 edire,
2104 2160 2301 2220 densarique

1223 2204 1274 2264 E.
1285 2204 1326 2264 in
1343 2205 1498 2265 caseum
1515 2206 1595 2266 non
1612 2207 1767 2267 patitur,
1779 2207 1801 2267 si
1819 2209 1905 2269 folia
1927 2210 2163 2270 potionibus
2180 2212 2288 2272 lactis

1284 2256 1588 2316 immergantur.
1616 2258 1657 2318 In
1674 2260 1823 2320 summa
1840 2260 2041 2320 stomacho
2064 2263 2167 2323 utilis
2190 2265 2247 2325 est,
2259 2266 2293 2326 &

1291 2308 1326 2368 in
1343 2308 1614 2368 condimentis
1632 2311 1867 2371 peculiarem
1885 2313 2050 2373 gratiam
2067 2314 2196 2374 habet.
2214 2315 2296 2375 Syl¬

1294 2359 1420 2419 vestiis
1444 2360 1599 2420 mentha
1628 2362 1766 2422 (Latini
1783 2363 2025 2423 menthastrum
2036 2365 2197 2425 vocant)
2214 2366 2289 2426 hir¬

1288 2412 1427 2472 sutiore
1451 2411 1493 2471 est
1511 2413 1644 2473 folio,
1662 2413 1698 2473 &
1716 2415 1867 2475 prorsus
1891 2417 2060 2477 majore,
2084 2419 2162 2479 quam
2169 2417 2295 2477 sisym¬

1289 2464 1363 2524 brii
1387 2464 1558 2524 graviori
1575 2465 1724 2525 odore.
1736 2467 1857 2527 quare
1879 2470 2005 2530 minùs
2034 2470 2086 2530 ad
2103 2471 2292 2531 sanorum

1293 2515 1381 2575 usus
1403 2515 1606 2575 expetitur.
1617 2518 1842 2578 Dioscorides.

1341 2567 1613 2627 NIGELLA,
1625 2570 1752 2630 Gith,
1758 2573 2060 2633 Melanthium,
2084 2576 2308 2636 (German.

1287 2615 1462 2675 Schwartz
1486 2619 1679 2679 Couander.
1685 2621 1784 2681 Gall.
1796 2624 2013 2684 Peyurette.)
2030 2626 2153 2686 exilib.
2164 2629 2293 2689 surcu¬

1290 2668 1338 2728 lis
1357 2671 1527 2731 fruticat,
1545 2673 1636 2733 saepe
1655 2674 1771 2734 binos
1790 2675 1972 2735 dodiantes
1996 2677 2155 2737 excedens
2173 2683 2289 2743 foliis;

1218 2722 1246 2782 F
1281 2722 1326 2782 ut
1343 2723 1556 2783 senecionis
1579 2725 1751 2785 minutis,
1763 2725 1820 2785 sed
1837 2726 1963 2786 multò
1980 2729 2216 2789 tenuioribus:
2233 2731 2296 2791 ca¬

1291 2773 1412 2833 pitulo
1433 2774 1472 2834 in
1489 2775 1686 2835 cacumine
1708 2777 1824 2837 tenui,
1840 2779 1973 2839 parvo,
1989 2781 2055 2841 ceu
2077 2785 2296 2845 papaveris,

1281 2824 1482 2884 oblongo,
1493 2826 1786 2886 intercursantib
1809 2830 1912 2890 intùs
1929 2833 2188 2893 membranis:
2210 2836 2297 2896 qui¬

1287 2876 1357 2936 bus
1378 2878 1500 2938 semen
1517 2880 1729 2940 includitur
1745 2881 1922 2941 nigrum,
1938 2884 2039 2944 acre,
2055 2886 2284 2946 odoratum;

1287 2932 1401 2992 quod
1424 2930 1585 2990 panibus
1603 2932 1849 2992 inspergitur.
1867 2933 2039 2993 Nascitur
2056 2936 2091 2996 in
2108 2940 2234 3000 hortis
2257 2944 2298 3004 &

1281 2980 1471 3040 viridanis
1501 2983 1709 3043 Colligitur
1728 2983 1826 3043 mense
1845 2984 1931 3044 Iulii
1949 2986 1979 3046 *
1998 2986 2145 3046 Capitis
2169 2992 2286 3052 dolo¬

1283 3031 1386 3091 ribus
1403 3032 1507 3092 illitum
1518 3034 1651 3094 fronti,
1662 3035 1852 3095 subvenit.
1869 3037 2019 3097 discutit
2036 3040 2180 3100 recentes
2197 3043 2289 3103 ocul

1279 3082 1413 3142 lorum
1430 3085 1683 3145 suffusiones,
1689 3088 1784 3148 uitum
1795 3088 1829 3148 ex
1846 3089 1969 3149 irino,
1981 3091 2015 3151 &
2031 3094 2205 3154 infusum
2223 3096 2295 3156 na¬

1275 3134 1398 3194 ribus,
1404 3136 1505 3196 tollit
1522 3137 1662 3197 lepras,
1673 3139 1893 3199 lentigines,
1904 3143 2077 3203 dutities,
2089 3146 2285 3206 tumores.

1278 3187 1355 3247 que
1373 3188 1562 3248 vetustos,
1574 3189 1658 3249 cum
1674 3190 1781 3250 aceto
1804 3191 1921 3251 illitum:
1938 3194 2212 3254 circumscarifi
2223 3198 2284 3258 ca¬

1270 3236 1334 3296 tos
1355 3239 1484 3299 clavos
1505 3242 1671 3302 excutit,
1687 3243 1735 3303 cum
1751 3244 1880 3304 vetere
1901 3245 2008 3305 urina
2029 3249 2281 3309 impositum!

1275 3292 1415 3352 dentium
1427 3296 1646 3356 doloribus,
1664 3298 1756 3358 cùm
1774 3299 1884 3359 aceto
1908 3300 1939 3360 &
1951 3301 2042 3361 teda
2067 3301 2274 3361 decoctum

2088 3355 2126 3415 &
2144 3355 2277 3415 collu¬
