2479 3508
247 92 412 194 141
677 92 1841 176 De Foliis frigidis in gradu tertio.
2111 92 2279 186 142
242 143 1253 237 & collutum prodest. Teretes ventris tineas ex¬
252 232 1235 298 pellit, peruncto ex aqua umbilico. Destillatione
234 280 1237 346 laborantes adjuvat, tritum in linteo, & olfactum.
247 334 1237 390 Urinam & menstrua ciet, multis diebus sumptum,
242 384 1235 441 & lac extrahit: difficultatem spitandi cum vino
247 428 1230 499 potum, sevat: phalangiorum morsibus ex aqua,
237 484 1230 537 drachmae pondere haustum, auxiliatur. Intense
237 537 1235 596 serpentes fugantur. Tradunt largiùs epotum
242 583 665 654 enecare. Dioscorides.
295 642 1240 695 OENANTHE (vulgò Rot Steinbrech.) folia ha¬
242 670 1299 751 bet pastinacae: florem candidum: caulem cras¬
227 744 1235 800 sum, palmi altitudine: semen atriplicis: radicem
244 787 1235 848 magnum, in multa rotunda capitula extuberan¬
244 835 1230 891 tem. Nascitur in petris. Junio mense floret.* Hu¬
252 884 1237 945 jus semen, caulis, & folia cum mulso vino pota,
242 934 1232 1001 secundas ejiciunt. Radix è vino urinae stillicidio
252 988 687 1064 convenit. Dioscorides.
311 1021 1230 1095 ORIGANUM (Germ. Wolgemut / Dosten. Ital.
252 1072 1232 1153 Origano. Gall. Mariolaine d’ Angleterre. Hisp. Ore¬
257 1138 1235 1204 gano) trium est generum: heracleoticum, onitis,
260 1161 1288 1250 & sylvestre. Heracleoticum folium habet hysso¬
260 1240 1237 1301 po non dissimile: umbellam autem non in rotae
262 1288 1232 1350 speciem orbiculatam, sed veluti multifidam: semi¬
252 1339 1232 1403 ne in summis virgis haudquaquam denso. Onitis
255 1388 1235 1451 candidiore est folio, & hyssopo similior. Semen
252 1441 1225 1507 veluti conjunctos corymbos habet. Sylvestre ve¬
247 1492 1232 1553 rò origanum aliqui Panaces Heraclion, alii cuni¬
242 1538 1235 1607 lam vocant: foliis est origani: ramulis tenuibus
247 1596 1237 1650 dodrantem altis, in quibus umbellae anethi insunt,
255 1642 1245 1706 flores candidi: radix tenuis, supervacua. Horum
255 1698 1260 1759 postremum in maritimis nascitur: reliqua duo
255 1742 1235 1800 cognita quidem sunt, sed rata. Tragotiganum est
255 1793 1245 1854 incognitum. Quod hodie in usu est, ad nullum
252 1843 1243 1900 origani genus referri potest: primùm, quòd in
252 1897 1237 1950 maritimis non nascatur, ubi dantaxat caetera cre¬
247 1943 1243 1999 scunt origana: deinde, quòd gustatum, linguam
255 1996 1232 2055 non vellicat, ut reliqua origana. Adulterinum igi¬
252 2045 1232 2101 tur erit origanum, quia reliquis notis ita cum ori¬
275 2096 1232 2164 gano convenit, ut gustu solo ferè distingui pos¬
255 2149 1237 2205 sit. Danda est opera, ut legitimum habeatur, atque
255 2190 1291 2281 hoc rejiciendum. Verùm hodie ex Creta copiosè
260 2248 1237 2309 Venetias adfertur. * Caeterùm origanum excal¬
255 2297 1232 2353 facit: unde decoctum cum vino potum demor¬
255 2348 1235 2406 sis à serpente convenit. qui autem cicutam, aut
260 2396 1237 2455 meconium hauserunt, iis ex passo: si verò gypsum
260 2452 1237 2500 aut ephemeron, ex aceto mulso propinatur. ru¬
265 2498 1243 2567 ptis, convulsis, hydropicis cum fito esui datur.
257 2549 1243 2605 Aridum acetabuli mensura potum in aqua mul¬
260 2600 1243 2661 sa, atros humores per alvum extrahit: menses ciet,
272 2648 1250 2709 & tussi cum mellelinctum medetur. Ad prurigi¬
272 2694 1304 2773 nem, psoras, regiumque morbum, decoctijus in
270 2755 1243 2814 balneis prodest. Succus virentis, tonsillas, uvam,
285 2801 1250 2872 & oris ulcera sanat, & per nares ex oleo irino
275 2854 1220 2928 infusum trahit. Dioscorides, & Medici Florentini.
321 2900 1237 2969 PERICLYMeNI seu Caprifolii duo sunt ge¬
270 2954 1243 3022 nera: unum Germanicum, alterum Italicum di¬
265 3005 1248 3066 cere licebit. Uterque frutex amplexicaulis, vicinis
285 3050 1250 3117 adminiculis circumligatur. Germanicum longis,
270 3104 1240 3170 tenuibus, sed tamen lignosis, & in ramulos par¬
272 3157 1243 3221 titis sursum repit cauliculis, circa quae ex inter¬
278 3206 1243 3262 vallis folia bina ex adverso posita, oblonga. mol¬
285 3259 1243 3330 lia, dilutè virentia, inferiore tamen parte magis
1253 148 2289 236 [A] incanescentia, flores in summis ramulis complu¬
1306 229 2289 293 res pariter emicant, oblongi, candidi, suaveolen¬
1306 283 2287 344 tes, inveriùs cavi, una parte prominentiores, sta¬
1306 334 2289 390 minibus aliquot è medio exeuntibus. fructus aci¬
1309 384 2281 435 nis similis in exiguarum uvarum modum com¬
1314 435 2279 494 pactus: per maturitatem rubet, in qua semen du¬
1299 486 2289 540 riusculum, radix lignosa non absque adnatis. Ita¬
1299 530 2289 591 licum lignosis quoque & in longitudinem prore¬
1301 583 2279 639 pentibus cauliculis. priori omnino simile est: con¬
1306 637 2292 698 veniunt etiam folia, nisi quòd ex adverso posita
1309 682 2289 746 [B] subinde uniantur, & circa ramulorum praesertim
1306 733 2289 792 fastigia ita coalescant, ut acetabulorum profun¬
1309 784 2289 843 diorum speciem exhibeant, è quib flosculi ena¬
1299 835 2289 894 scuntur similes superioris, breviores tamen, ac
1316 886 2281 942 paulò minores: baccae sequuntur similes, & ru¬
1299 934 2289 998 bentes, sed tamen dilutiùs. Nascitur in sylvis, &
1299 985 2281 1047 in senticetis fruticibus novellisque arbustis, ita sae¬
1299 1031 2289 1092 penumerò tenaciter, & arctè se obvinciens, ut sui
1306 1082 2279 1138 vestigia ipsis impressa relinquat. Vere fol a ex¬
1306 1138 2289 1194 eunt, uti aliis lignosis. Flores quandoque Aptili.
1306 1184 2289 1248 [C] crebriùs Majo ac Junio conspiciuntur fructus. sub
1301 1240 2287 1293 Autumni tempus maturi. Graeci Periclymenon,
1306 1291 2276 1339 Latini Volucrum majus: Seribonius Largus Syl¬
1286 1337 2289 1398 vae matrem appellat: officinae Caprisolium, Ma¬
1301 1388 2271 1446 trisylvam plerique Lilium inter spinas: Ital. Vinci¬
1299 1434 2289 1500 bosao. Ger. Oeißiblat / Speckallgen/Waldgilgen Gall.
1309 1487 2289 1548 Cheurefeuille. Hisp. Matreselua Matthaeus Sylva¬
1299 1540 2289 1596 ticus Pandectarum author, Caprifolium, & Syl¬
1299 1591 2281 1650 varum matrem cap. exxxvij. rectè quidem Peri¬
1306 1640 2289 1701 sclymenon, sed perperàm Lycium, & Pyxacan¬
1260 1691 2289 1751 [D] tham interpretatur: Periclymenon cum Pyxa¬
1309 1742 2289 1798 cantha ineptè confundens. pejus verò etiam facit
1306 1793 2284 1856 Caprifolio vires Pyxacanthae ascribens. Sed cap.
1306 1836 2325 1892 dxxxj. Matri ylvam Periclymenon & Caprisolium¬
1301 1892 2287 1950 rectè asserit, ac legitimas ei ex Dioscoride vires
1309 1940 2287 2001 refert. Praebuisse hic gravissimi erroris pharma¬
1306 1989 2287 2050 copois occasionem videtur, qui succo foliorum,
1311 2045 2281 2106 & fructuum Periclymeni densato, pro Lycio, ma¬
1309 2093 2287 2157 ximo cum periculo utuntur. Natus hinc & alius
1309 2146 2287 2210 error. quòdvidelicet foliorum Periclymeni de¬
1299 2192 2292 2261 [E] coctum, vel ex his, aut etiam ex floribus stillatitius
1306 2243 2289 2312 liquorj oris fauciumque inflammationibus inci¬
1306 2294 2287 2360 pientibus, veluti astringentia ac refugerantia
1316 2350 2284 2416 prodesse temere existimetur. Periclymeni enim
1304 2396 2287 2472 haud iaquam frigida, aut astringens, sed calida
1311 2444 2294 2506 & attenuans est facultas. Ut enim Galen ser bit
1314 2498 2292 2549 Periclymeni cùm fructus, tum folia adeò the¬
1314 2546 2294 2612 menter incidentis pariter & excalfacienti facul¬
1314 2592 2294 2661 tatis sunt, ut si plusculum bibantur, urinam san¬
1319 2646 2302 2724 guinolentam efficiant: principiò tamen urinam
1316 2699 2294 2763 [F] duntaxat moventia. Dioscorides ait: Hujus se¬
1311 2747 2289 2809 men postquam ematuruit collectum, ac in um¬
1316 2801 2297 2854 bra siccatum, diachmae pondo quadraginta die¬
1316 2849 2292 2918 bus datum, lienem absumit lassitudinem discu¬
1311 2900 2297 2964 tit: orthopnoeae, & singultui prodesturinam cit
1316 2954 2297 3015 à sexto die eruentam. Idem & partus accelerat.
1316 3002 2302 3061 Eandem vim & fol a habent. quae triginta diebus
1327 3053 2297 3124 pota sterilitatem efficere narrantur Eadem cum
1316 3104 2294 3173 oleo illita periodicarum sive intermittentium
1311 3157 1999 3213 febrium horrores abigunt. Dodon
1370 3193 2279 3277 PETROSELINUM hortis omnibs frequen¬
1311 3259 2047 3343 tissimum est. *urinam cit & me
