2479 3508
237 72 377 132 143

746 58 1150 118 Antidotarii
1181 59 1472 119 specialis
1534 62 1688 122 Lib.
1710 61 1761 121 I.

2150 63 2288 123 144

215 128 1251 193 stomachi & coli inflationes, & tormina prodest.
222 191 435 251 Laterum,
451 187 587 247 renum
615 184 653 244 &
670 184 806 244 vesicae
822 182 1062 242 doloribus,
1073 184 1112 244 in
1128 184 1226 244 potu

226 244 422 304 subvenit.
440 239 683 299 Admiscetur
701 235 886 295 antidotis
909 235 1052 295 urinam
1070 236 1236 296 cientib.

233 293 474 353 Dioscorides.

274 346 534 406 Petroselinum
551 341 917 401 commendabatur
945 338 1072 398 allatum
1095 338 1128 398 ex
1150 338 1238 398 Ma¬

227 399 413 459 cedonia,
429 397 538 457 quod
560 396 571 456 à
592 395 723 455 nativo
740 393 833 453 loco
854 392 1067 452 vocabatur
1089 391 1225 451 Estrea¬

215 448 314 508 ticum,
327 449 362 509 &
379 449 438 509 sub
462 448 532 508 hac
550 446 820 506 appellatione
843 444 884 504 ad
902 442 1032 502 omnia
1055 442 1137 502 loca
1161 442 1225 502 de¬

225 501 442 561 ferebatur,
454 497 682 557 quanquam
705 497 739 557 ex
756 496 888 556 Epiro,
899 496 934 556 in
951 496 1031 556 quo
1048 494 1237 554 copiosis¬

220 554 314 614 simè
332 551 468 611 crescit,
479 550 515 610 in
532 548 774 608 Macedoniam
786 548 1081 608 apportaretur,
1092 547 1122 607 &
1140 547 1234 607 inde

225 606 382 666 tanquam
392 601 700 661 Macedonicum
721 599 759 659 &
769 599 1023 659 Estreaticum
1045 598 1239 658 omnibus

230 655 555 715 distribueretur:
566 653 657 713 nam
674 652 765 712 cùm
782 652 941 712 exiguus
964 652 1072 712 locus
1095 650 1174 710 esset
1191 650 1225 710 in

226 706 490 766 Macedonia,
501 706 563 766 ubi
580 704 804 764 colebatur,
815 703 899 763 non
917 702 1045 762 potuit
1062 701 1236 761 sufficere

226 758 421 818 omnibus
444 757 518 817 aliis
541 756 741 816 regionib.
753 755 821 815 Etsi
844 755 913 815 autem
924 754 1010 814 vero
1027 753 1233 813 Estreatico

226 810 451 870 careamus,
462 808 586 868 nihilo
608 808 715 868 tamen
732 806 962 866 deteriorem
979 806 1058 866 fore
1080 805 1237 865 Theria¬

239 862 319 922 cam
342 860 661 920 existimabimus,
672 859 695 919 si
712 859 786 919 alio
809 859 855 919 usi
872 857 1077 917 fuerimus:
1088 857 1185 917 nam,
1196 857 1236 917 ut

226 913 405 973 Galenus
428 914 509 974 cap.
521 913 566 973 14.
572 913 642 973 lib.
647 913 677 973 1.
688 912 735 972 de
758 911 955 971 Antidotis
972 910 1105 970 trandit,
1116 910 1243 970 quan¬

227 965 344 1025 quam
368 965 412 1025 ad
429 965 592 1025 venena,
609 964 643 1024 &
660 964 880 1024 serpentum
896 962 1048 1022 morsus
1065 959 1240 1019 Estreati¬

234 1015 321 1075 cum
338 1016 381 1076 sit
397 1016 501 1076 effica
512 1015 605 1075 cius,
622 1015 780 1075 alterum
797 1015 928 1075 tamen
950 1013 993 1073 ad
1015 1012 1113 1072 alios
1130 1010 1239 1070 mor¬

225 1066 306 1126 bos
328 1067 380 1127 non
398 1067 518 1127 minus
547 1067 587 1127 est
604 1066 720 1126 utile,
737 1066 783 1126 ad
801 1066 1002 1126 ventriculi
1025 1063 1239 1123 debilitatem,

222 1121 470 1181 hydropem,
487 1120 656 1180 tormina
678 1118 836 1178 ventris,
853 1117 1005 1177 colicos
1021 1114 1179 1174 dolores
1202 1114 1241 1174 &

222 1172 374 1232 similes
392 1172 515 1232 alios,
532 1171 637 1231 quos
656 1169 884 1229 secundariò
908 1168 1030 1228 quoque
1048 1166 1230 1226 Theriaca

234 1223 429 1283 promittit
446 1222 590 1282 curare.
607 1222 705 1282 Cùm
728 1219 877 1279 insuper
895 1217 1142 1277 Estreatitum
1159 1216 1233 1276 tam

230 1276 412 1336 amarum
435 1274 469 1334 &
486 1274 566 1334 acre
583 1273 640 1333 sit,
657 1273 697 1333 ut
714 1271 828 1331 etiam
845 1271 914 1331 alia
936 1270 1067 1330 omnia
1084 1268 1226 1328 simpli¬

225 1328 294 1388 cia
311 1326 573 1386 medicament
619 1324 796 1384 Theriacę
818 1323 978 1383 superet,
989 1322 1069 1382 atque
1086 1322 1160 1382 cam
1183 1321 1229 1381 ob

214 1379 311 1439 rem
333 1376 674 1436 compositionem
695 1373 842 1433 reddat
864 1373 977 1433 nimis
994 1373 1194 1433 amaram,
1210 1375 1253 1435 &

234 1431 364 1491 gustui
384 1429 546 1489 ingratam:
564 1426 808 1486 potissimùm
826 1426 852 1486 si
864 1426 988 1486 semen
1007 1424 1089 1484 ejus
1107 1424 1238 1484 (quod

235 1481 395 1541 quidem
411 1480 449 1540 in
466 1480 532 1540 usu
554 1480 620 1540 est)
637 1478 785 1538 recens,
796 1478 829 1538 &
845 1478 928 1538 non
945 1477 1087 1537 siccum
1104 1477 1236 1537 impo¬

219 1531 369 1591 natur:
386 1531 477 1591 nam
498 1529 649 1589 tametsi
666 1529 822 1589 frondes
849 1529 882 1589 &
898 1529 1043 1589 radices
1070 1529 1237 1589 eandem

225 1582 402 1642 habeant
425 1582 678 1642 facultatem,
695 1581 775 1641 sunt
792 1580 924 1640 tamen
941 1580 1056 1640 nimis
1073 1580 1233 1640 debiles.

230 1636 290 1696 At
302 1634 493 1694 quidnam
511 1633 642 1693 verum
660 1633 702 1693 sit
719 1633 1018 1693 Petroselinum,
1030 1631 1233 1691 hucusque

230 1686 337 1746 apud
361 1685 498 1745 peritos
516 1685 748 1745 simplicium
766 1685 831 1745 fuit
849 1684 1051 1744 incertum.
1082 1682 1236 1742 Verun¬

233 1735 341 1795 tamen
363 1738 444 1798 ante
466 1738 607 1798 paucos
629 1738 753 1798 annos
775 1737 814 1797 in
835 1736 960 1796 multis
982 1735 1101 1795 hortis
1123 1735 1231 1795 cole¬

222 1790 262 1850 re
279 1790 487 1850 coeperunt
510 1790 711 1850 quandam
735 1789 890 1849 plantam,
907 1789 994 1849 quae
1005 1787 1229 1847 multorum

215 1843 382 1903 judicio
399 1841 532 1901 verum
550 1840 795 1900 Petroselinum
807 1840 1063 1900 repraesentat,
1074 1838 1108 1898 &
1124 1837 1225 1897 Nea¬

226 1894 320 1954 poli
337 1892 499 1952 copiosè
516 1891 627 1951 floret
644 1891 678 1951 in
694 1891 839 1951 horto,
856 1889 934 1949 quem
951 1889 1113 1949 excoluit
1129 1888 1229 1948 mul¬

233 1942 277 2002 tis
299 1942 332 2002 &
354 1942 463 2002 variis
480 1942 721 2002 simplicibus
738 1942 919 2002 refertum
935 1940 974 2000 in
990 1940 1226 2000 monasterio

226 1993 268 2053 S.
279 1993 446 2053 Severini
470 1993 660 2053 Vincentius
684 1993 845 2053 Lucensis,
857 1993 892 2053 &
904 1993 940 2053 in
952 1993 1106 2053 fictilib.
1118 1993 1225 2053 quo¬

239 2044 316 2104 que
339 2045 550 2105 Ferdinando
573 2044 807 2104 Imperatori
824 2044 1024 2104 provenit,
1041 2045 1236 2105 seminaque

226 2098 430 2158 acceperat
452 2098 463 2158 à
485 2098 618 2158 Marco
640 2098 794 2158 Emario
816 2096 1135 2156 pharmacopoeo
1157 2095 1234 2155 Ve¬

231 2150 360 2210 neto:
377 2150 564 2210 reperitur
581 2150 682 2210 nunc
705 2149 778 2209 etiam
789 2149 953 2209 Patavii,
970 2147 1150 2207 Veronae,
1162 2147 1241 2207 Ro¬

232 2200 337 2260 mae,
354 2200 523 2260 Venetiis
546 2200 575 2260 &
593 2200 628 2260 in
645 2201 727 2261 aliis
744 2201 860 2261 locis.
890 2200 930 2260 Et
953 2200 1047 2260 certè
1065 2200 1088 2260 si
1105 2200 1233 2260 consi¬

234 2251 415 2311 deremus
438 2252 614 2312 diligenter
631 2252 773 2312 omnes
796 2254 876 2314 ejus
892 2252 1035 2312 partes,
1052 2251 1149 2311 nihil
1166 2248 1239 2308 du¬

235 2302 443 2362 bitationis
472 2303 588 2363 nobis
611 2303 872 2363 relinquitur,
883 2302 953 2362 nisi
976 2302 1086 2362 quòd
1109 2302 1236 2362 semen

229 2356 311 2416 ejus
332 2356 409 2416 non
431 2356 530 2416 adeò
546 2356 590 2416 sit
602 2356 683 2416 acrè
705 2356 782 2416 atque
799 2356 946 2416 amarum,
957 2354 1231 2414 quemadmo¬

237 2405 335 2465 dum
352 2405 604 2465 Dioscorides
621 2405 730 2465 vult,
747 2405 788 2465 &
805 2405 977 2465 Galenus
1000 2404 1172 2464 quoque
1195 2405 1235 2465 in

234 2459 556 2519 commemorato
589 2458 682 2518 loco
709 2458 836 2518 scribit
857 2456 928 2516 esse
950 2455 1229 2515 amarissimum

231 2512 265 2572 &
277 2509 537 2569 acerrimum:
561 2509 676 2569 quod
699 2509 763 2569 etsi
785 2509 861 2569 ipse
889 2509 930 2569 de
953 2509 1155 2569 Estreatico
1179 2507 1236 2567 di¬

229 2563 301 2623 xit,
311 2563 447 2623 tamen
467 2561 503 2621 et
519 2561 586 2621 alia
607 2561 783 2621 quoque,
799 2560 1032 2620 quanquam
1048 2560 1130 2620 non
1146 2561 1224 2621 tam

233 2612 377 2672 validè,
389 2614 492 2674 acria
515 2614 550 2674 &
562 2613 695 2673 amara
718 2612 782 2672 esse
799 2611 960 2671 debent.
995 2611 1151 2671 Cumque
1162 2612 1237 2672 hoc

228 2665 356 2725 semen
379 2666 506 2726 (quod
530 2666 611 2726 jam
635 2665 710 2725 pro
733 2665 826 2725 vero
844 2665 1029 2725 habetur)
1047 2665 1133 2725 ideo
1157 2665 1238 2725 for¬

222 2716 315 2776 tasse
338 2716 460 2776 minùs
483 2716 576 2776 acris
594 2716 739 2776 saporis
756 2716 821 2776 sit,
838 2716 949 2776 quòd
978 2716 1047 2776 alia
1070 2716 1233 2776 culturae

225 2766 321 2826 ratio
343 2767 513 2827 adhibita
530 2767 655 2827 fuerit,
672 2767 723 2827 non
740 2765 865 2825 audeo
881 2765 1012 2825 tamen
1029 2766 1091 2826 me
1114 2768 1238 2828 oppo¬

226 2818 319 2878 nere
340 2819 532 2879 sententiae
548 2819 600 2879 tot
620 2819 828 2879 doctorum
844 2818 1031 2878 virorum,
1042 2818 1124 2878 atque
1135 2818 1223 2878 ideò

233 2866 310 2926 unà
326 2869 414 2929 cum
430 2870 501 2930 illis
518 2872 660 2932 suadeo
676 2872 1016 2932 pharmacopoeis,
1026 2870 1065 2930 ut
1081 2869 1223 2929 intereà

219 2920 268 2980 ad
291 2922 511 2982 Theriacam
529 2924 744 2984 accipiant.
761 2924 860 2984 Non
882 2922 1175 2982 praetermittam
1191 2920 1224 2980 e¬

213 2970 322 3030 tiam
343 2972 381 3032 in
404 2974 583 3034 medium
611 2975 747 3035 afferre
769 2974 971 3034 quandam
987 2974 1118 3034 meam
1140 2974 1221 3034 opi¬

210 3023 393 3083 nionem,
409 3025 522 3085 quam
539 3025 620 3085 ante
647 3026 792 3086 multos
814 3026 943 3086 annos
965 3026 1009 3086 de
1025 3025 1224 3085 Petroseli¬

222 3075 276 3135 no
308 3074 491 3134 concepi:
507 3074 593 3134 nam
609 3075 690 3135 non
711 3076 920 3136 existimavi
936 3077 1006 3137 eos
1028 3077 1140 3137 errare
1162 3078 1226 3138 qui

226 3128 297 3188 pro
315 3127 547 3187 Petroselino
571 3127 767 3187 vulgarem
784 3128 998 3188 acciperent
1022 3130 1218 3190 saxifragam,

218 3178 437 3238 habentem
458 3178 597 3238 omnes
618 3179 677 3239 eas
693 3179 821 3239 notas,
837 3180 928 3240 quas
950 3182 1217 3242 Dioscondes,

222 3230 262 3290 &
274 3230 448 3290 Galenus
471 3230 701 3290 Petroselino
724 3232 950 3292 attribuunt:
961 3232 1019 3292 Nam
1030 3232 1123 3292 folia
1140 3233 1226 3293 sunt

224 3286 464 3346 Pętroselino
483 3286 632 3346 similia,
646 3286 678 3346 &
697 3287 859 3347 nascitur
879 3287 911 3347 in
930 3287 1054 3347 petris,
1067 3287 1165 3347 unde
1190 3287 1222 3347 &

1251 120 2306 192 [A] nomen obtinuit: semen quóque convenit cum
1302 182 1447 242 semine
1470 184 1599 244 Ammi
1616 183 1715 243 veri,
1733 182 1814 242 atque
1826 182 1977 242 insuper
1994 182 2036 242 est
2053 182 2303 242 amarissimum,

1283 236 1387 296 acre
1409 236 1442 296 &
1458 235 1695 295 odoratum.
1723 233 1975 293 Quanquam
1992 233 2135 293 omnes
2151 234 2305 294 plantas

1293 287 1407 347 quas
1429 286 1500 346 ego
1517 286 1680 346 viderim
1696 286 1898 346 montanis
1920 286 2018 346 locis
2045 286 2182 346 allatas
2203 285 2307 345 Nea¬

1299 340 1449 400 polim,
1461 338 1790 398 deprehenderim
1808 338 1838 398 in
1856 338 1952 398 hisce
1976 338 2138 398 duobus
2156 338 2299 398 sapoti¬

1299 389 1381 449 bus
1399 389 1504 449 fuisse
1528 389 1751 449 validiores,
1769 389 1845 449 quo
1868 389 1915 449 ad
1933 389 2097 449 radices,
2109 389 2185 449 quam
2197 389 2308 449 semi¬

1285 443 1374 503 na:
1385 442 1533 502 tametsi
1549 442 1588 502 in
1605 442 1841 502 Macedonia
1864 442 2067 502 contrarium
2078 442 2244 502 accidat,
2255 442 2320 502 cu¬

1302 494 1367 554 jus
1386 494 1439 554 rei
1457 494 1564 554 causa
1588 493 1647 553 est.
1666 493 1773 553 quòd
1796 493 1843 553 ibi
1862 493 2028 553 nunquam
2041 493 2153 553 planè
2177 493 2302 553 perfe¬

1296 544 1403 604 ctum
1426 545 1505 605 ejus
1522 545 1646 605 semen
1663 545 1850 605 viderim,
1861 545 1929 605 sed
1945 544 2166 604 utplurimum
2178 544 2307 604 cario¬

1295 595 1407 655 sum.
1418 596 1530 656 Unde
1547 598 1624 658 ejus
1647 597 1894 657 imperfectio
1912 597 2088 657 apparet,
2100 598 2135 658 &
2147 599 2311 659 fortassè

1250 649 1273 709 B
1308 649 1344 709 in
1361 649 1495 709 nostris
1519 649 1746 709 regionibus
1775 649 1822 709 ad
1845 649 2003 709 summam
2020 650 2306 710 perfectionem

1294 700 1499 760 perveniri
1510 701 1659 761 nequit,
1670 701 1807 761 ideoque
1818 700 1904 760 tùm
1921 700 2047 760 semen
2069 701 2138 761 hoc
2160 702 2235 762 tam
2258 704 2309 764 ef¬

1298 752 1326 812 si
1332 752 1395 812 cax
1418 752 1493 812 non
1510 752 1711 812 reperitur,
1728 752 1808 812 ejus
1826 752 1918 812 loco
1940 753 2130 813 collocari
2147 755 2302 815 poterunt

1289 803 1409 863 illius
1432 803 1581 863 radices
1598 803 1672 863 quę
1690 803 1902 863 secundùm
1925 804 2120 864 Galenum
2137 808 2314 868 ejusdem

1308 856 1394 916 sunt
1411 854 1633 914 facultatis:
1650 854 1826 914 quamvis
1843 854 1968 914 semen
1985 856 2111 916 ipsum
2134 859 2156 919 si
2173 859 2304 919 haberi

1303 907 1465 967 posset,
1477 908 1638 968 propter
1656 907 1806 967 rationem
1818 907 1853 967 in
1871 907 2009 967 regulis
2027 911 2314 971 substitutionis

1301 959 1543 1019 enumeratis
1566 958 1651 1018 esset
1673 958 1832 1018 melius.
1849 961 2024 1021 Accedit
2058 964 2182 1024 praeter
2199 967 2312 1027 hasce

1296 1012 1427 1072 notas
1451 1012 1487 1072 &
1498 1012 1594 1072 hoc,
1611 1010 1719 1070 quòd
1737 1010 1850 1070 hodie
1867 1012 2052 1072 saxifraga
2076 1013 2112 1073 in
2129 1016 2308 1076 dolorib.

1310 1061 1447 1121 colicis
1465 1061 1683 1121 exhibetur,
1696 1063 1833 1123 itemque
1851 1063 1891 1123 ad
1914 1064 2035 1124 provo
2047 1067 2179 1127 candam
2191 1072 2317 1132 urinam,

1307 1112 1346 1172 &
1358 1114 1547 1174 calculum
1564 1115 1862 1175 frangendum,
1874 1115 2102 1175 admodum
2125 1121 2308 1181 feliciter,

1248 1171 1277 1231 C
1306 1165 1661 1225 quemadmodum
1684 1165 1777 1225 olim
1800 1166 2079 1226 Petroselinum
2108 1171 2306 1231 praebeba¬

1301 1216 1376 1276 tur.
1389 1216 1508 1276 Quòd
1527 1216 1552 1276 si
1564 1216 1709 1276 aliquis
1728 1217 1954 1277 exquisitiùs
1973 1220 2048 1280 haec
2067 1223 2249 1283 discutere
2274 1225 2312 1285 &

1301 1268 1381 1328 non
1398 1268 1468 1328 pro
1485 1270 1577 1330 vero
1601 1270 1831 1330 Petrosclino
1854 1271 2021 1331 accipere
2045 1273 2165 1333 vellet,
2177 1276 2310 1336 saltem

1302 1321 1378 1381 pro
1402 1321 1472 1381 illo
1490 1321 1713 1381 substituere
1736 1322 1883 1382 posset;
1900 1324 2094 1384 quoniam
2112 1325 2147 1385 ex
2165 1327 2305 1387 sapore

1306 1372 1516 1432 conjicitur
1540 1372 1569 1432 in
1587 1372 1616 1432 3.
1628 1372 1745 1432 gradu
1769 1373 1839 1433 esse
1862 1374 1991 1434 calidum
2003 1375 2038 1435 &
2055 1376 2213 1436 siccum.
2225 1379 2307 1439 Un¬

1311 1425 1355 1485 de
1378 1424 1506 1484 quoque
1517 1424 1551 1484 in
1568 1424 1685 1484 aliam
1701 1424 1835 1484 deveni
1858 1426 2136 1486 conjecturam,
2154 1430 2309 1490 saxifta¬

1300 1475 1403 1535 gam
1420 1477 1603 1537 nimirùm
1620 1477 1671 1537 eam
1683 1477 1803 1537 quam
1815 1477 1935 1537 vulgò
1964 1479 2124 1539 propter
2141 1483 2307 1543 odorem

1308 1528 1514 1588 Hircinam
1531 1528 1737 1588 votamus,
1754 1528 1822 1588 esse
1846 1529 2091 1589 Dioscoridis
2108 1534 2315 1594 Oreoseli¬

1305 1579 1411 1639 num:
1422 1580 1568 1640 semper
1585 1579 1686 1639 enim
1703 1579 1882 1639 provenit
1899 1580 1933 1640 in
1949 1582 2157 1642 montibus
2179 1586 2213 1646 &
2225 1588 2303 1648 ipsa

1309 1631 1443 1691 quoque
1455 1631 1549 1691 inter
1566 1631 1665 1691 saxa:
1677 1631 1712 1691 in
1729 1631 1875 1691 quibus
1893 1631 1940 1691 ait
1957 1633 2208 1693 Dioscorides
2232 1639 2307 1699 hoc

1252 1685 1284 1745 D
1311 1684 1481 1744 crescere:
1497 1684 1606 1744 quare
1628 1684 1808 1744 nonnulli
1819 1684 2037 1744 statuerunt
2059 1687 2124 1747 esse
2140 1690 2309 1750 Petrose¬

1291 1735 1444 1795 linum,
1456 1735 1564 1795 quod
1581 1735 1707 1795 tamen
1729 1735 1860 1795 Diosc.
1866 1738 2128 1798 reprehendit.
2145 1741 2231 1801 Haec
2248 1744 2304 1804 sa¬

1301 1786 1456 1846 xifraga
1480 1787 1581 1847 semem
1594 1787 1737 1847 profert
1749 1787 1796 1847 ita
1814 1787 1939 1847 simile
1958 1789 2082 1849 Ammi
2101 1792 2256 1852 semini,
2268 1797 2303 1857 ut

1308 1837 1363 1897 vix
1380 1837 1474 1897 inter
1491 1838 1525 1898 se
1547 1838 1825 1898 discernantur,
1847 1840 1880 1900 &
1891 1840 1958 1900 nisi
1974 1841 2063 1901 loco
2085 1843 2180 1903 boni
2196 1846 2302 1906 odo¬

1308 1886 1358 1946 ris
1375 1889 1533 1949 Hircum
1550 1891 1702 1951 oleret,
1713 1891 1838 1951 posset
1860 1891 1933 1951 hoc
1956 1894 2261 1954 Perroselinum,
2278 1901 2318 1961 &

1302 1940 1400 2000 illud
1419 1940 1655 2000 Oreoselinum
1668 1942 1869 2002 appellati.
1883 1943 2007 2003 Quòd
2020 1944 2046 2004 si
2059 1945 2131 2005 hoc
2150 1948 2307 2008 regioni

1303 1993 1339 2053 in
1357 1993 1429 2053 qua
1447 1994 1615 2054 nascitur
1627 1994 1884 2054 imputaretur
1908 1996 2046 2056 (quod
2064 1998 2196 2058 tamen
2225 2002 2297 2062 ego

1305 2044 1384 2104 non
1400 2044 1676 2104 affirmavero)
1694 2045 1767 2105 haec
1795 2047 1936 2107 opinio
1953 2047 2004 2107 eò
2026 2049 2155 2109 meliùs
2178 2052 2308 2112 consi¬

1294 2095 1380 2155 stet,
1392 2096 1565 2156 quamvis
1588 2096 1709 2156 magis
1732 2098 1778 2158 ad
1802 2098 1957 2158 alteram
1974 2100 2176 2160 inclinem.
2199 2105 2303 2165 Haec

1307 2147 1505 2207 Saxifraga
1525 2147 1662 2207 hircina
1686 2147 1773 2207 folia
1798 2149 1910 2209 habet
1935 2150 2035 2210 Apii,
2047 2152 2134 2212 acris
2158 2154 2202 2214 est
2221 2155 2258 2215 &
2271 2158 2315 2218 a¬

1242 2202 1272 2262 E
1308 2200 1433 2260 mara,
1444 2200 1480 2260 &
1492 2198 1677 2258 mirabilis
1695 2199 1730 2259 in
1748 2200 1969 2260 frangendo
1986 2203 2135 2263 calculo
2160 2205 2195 2265 &
2213 2207 2302 2267 pro¬

1300 2251 1482 2311 vocanda
1498 2252 1634 2312 urina,
1649 2252 1962 2312 quemadmodum
1978 2255 2155 2315 multorum
2172 2258 2301 2318 recen¬

1301 2302 1400 2362 tium
1418 2303 1652 2363 experientia
1670 2304 1705 2364 id
1723 2305 1893 2365 testatur.
1911 2306 2116 2366 Nonnulla
2134 2311 2304 2371 collegia

1305 2354 1518 2414 celebrium
1539 2354 1737 2414 civitatum
1764 2355 1829 2415 pro
1846 2356 2081 2416 Petroselino
2103 2360 2310 2420 substitue¬

1305 2405 1391 2465 runt
1414 2405 1656 2465 Petroselinum
1667 2407 1851 2467 vulgare,
1868 2410 2213 2470 quemadmodum
2231 2413 2305 2473 ali¬

1310 2458 1478 2518 quando
1497 2458 1691 2518 Bononiae
1710 2459 1816 2519 factum
1835 2459 1891 2519 est,
1904 2459 1935 2519 &
1953 2459 1991 2519 ni
2004 2461 2116 2521 fallor
2135 2464 2309 2524 collegium

1305 2509 1539 2569 Patavinum
1556 2510 1635 2570 ejus
1647 2510 1698 2570 dem
1710 2510 1772 2570 fuit
1795 2512 2017 2572 opinionis.
2045 2513 2114 2573 Sed
2131 2515 2187 2575 hic
2205 2516 2295 2576 mo¬

1304 2560 1381 2620 dus
1409 2560 1665 2620 substituendi
1676 2562 1826 2622 videtur
1848 2563 1887 2623 in
1904 2566 2176 2626 disputationem
2193 2568 2304 2628 cade¬

1303 2609 1354 2669 re.
1366 2611 1463 2671 Nam
1480 2612 1589 2672 sicuti
1606 2614 1766 2674 Serapio
1789 2615 1898 2675 sentit
1915 2615 1956 2675 ex
1967 2617 2155 2677 sententia
2179 2621 2304 2681 Ascle¬

1300 2665 1481 2725 piadum,
1492 2665 1526 2725 &
1543 2665 1685 2725 Apium
1707 2666 1871 2726 calidum
1895 2666 1928 2726 &
1940 2668 2042 2728 siccum
2059 2669 2098 2729 est
2115 2669 2149 2729 in
2166 2671 2302 2731 secun¬

1294 2716 1354 2776 do
1377 2716 1514 2776 gradu,
1526 2716 1562 2776 &
1580 2716 1866 2776 Petroselinum
1883 2717 2020 2777 Galeni
2038 2720 2074 2780 in
2092 2722 2223 2782 tertio.
2247 2726 2300 2786 At

1305 2767 1383 2827 non
1405 2768 1584 2828 convenit
1606 2768 1830 2828 substituere
1847 2770 2155 2830 medicamenta,
2166 2776 2250 2836 quae
2266 2778 2300 2838 in

1308 2819 1439 2879 ptimis
1461 2818 1711 2878 qualitatibus
1734 2819 1808 2879 non
1825 2819 1899 2879 sint
1916 2821 1989 2881 ejus
2001 2822 2086 2882 dem
2103 2825 2273 2885 gradus.

1356 2872 1620 2932 PTARMICA
1649 2872 1810 2932 exiguus
1827 2873 1953 2933 frutex
1976 2874 2033 2934 est,
2044 2877 2222 2937 surculos
2240 2880 2314 2940 ha¬

1291 2921 1395 2981 bens
1421 2923 1578 2983 parvos,
1593 2923 1740 2983 multos
1761 2924 1792 2984 &
1808 2924 2022 2984 rotundos,
2032 2928 2230 2988 abrotano
2252 2932 2303 2992 non

1300 2974 1528 3034 dissimiles:
1540 2974 1582 3034 &
1600 2974 1696 3034 circa
1714 2975 1780 3035 eos
1798 2975 1894 3035 folia
1912 2977 2020 3037 oleae,
2032 2979 2170 3039 longa,
2182 2983 2296 3043 multa

1299 3028 1338 3088 &
1350 3027 1390 3087 in
1407 3026 1613 3086 cacumine
1631 3026 1859 3086 capitulum,
1876 3027 1928 3087 uti
1945 3030 2203 3090 anthemidis,
2220 3034 2300 3094 par¬

1289 3079 1405 3139 vum,
1410 3076 1679 3136 rotundum:*
1701 3077 1811 3137 quod
1828 3077 1894 3137 suo
1916 3079 1987 3139 acri
2004 3081 2130 3141 odore
2147 3084 2300 3144 sternu¬

1286 3130 1506 3190 tamentum
1527 3130 1674 3190 excitat:
1690 3130 1795 3190 unde
1811 3130 1958 3190 nomen
1978 3131 2141 3191 accepit.
2157 3136 2298 3196 Nasci¬

1291 3181 1348 3241 tur
1365 3181 1399 3241 in
1417 3182 1623 3242 montibus
1646 3181 1681 3241 &
1692 3181 1875 3241 petrosis.
1887 3182 1996 3242 Folia
2013 3183 2099 3243 cum
2122 3187 2288 3247 floribus

1295 3232 1386 3292 illita
1404 3233 1674 3293 sugillationes
1698 3232 1863 3292 tapiunt.
1876 3233 1992 3293 Flores
2010 3237 2164 3297 sternut.

1293 3286 1325 3346 ta
1352 3287 1605 3347 efficacissimè
1624 3290 1804 3350 movent.
1817 3289 2036 3349 Dioscorides.

2143 3348 2194 3408 u
