2479 3508
222 59 372 119 145

694 54 794 114 De
830 58 1017 118 Foliis
1055 58 1267 118 calidis
1291 58 1366 118 in
1391 58 1592 118 gradu
1628 58 1840 118 tertio.

2165 58 2311 118 146

260 124 522 184 PULEGIUM
541 125 752 185 (German.
765 125 886 185 Poley.
899 127 995 187 Gall.
1008 127 1065 187 Du
1078 127 1237 187 Pouliot.

206 175 310 235 Hisp.
323 175 440 235 Poleo.
454 175 545 235 Ital.
558 176 741 236 Pulegio.)
760 178 878 238 herba
904 179 943 239 est
962 179 1132 239 vulgaris
1152 181 1230 241 no¬

204 229 310 289 titiae.
327 227 510 287 Nascitur
534 229 570 289 in
587 229 687 289 locis
710 230 817 290 cultis
840 232 876 292 &
899 232 999 292 aquo
1018 233 1082 293 sis?
1106 232 1235 292 Colli¬

215 278 310 338 gitur
329 281 455 341 mense
481 283 601 343 Junii,
620 283 709 343 Julii
729 284 766 344 &
785 284 969 344 Augusti,
982 286 1078 346 dum
1096 286 1229 346 floret.

203 334 380 394 Siccatur
402 334 446 394 in
463 335 630 395 umbra.
663 337 935 397 Conservatur
968 338 1040 398 per
1062 338 1234 398 annum.

204 380 228 440 *
245 384 462 444 Extenuat,
474 388 639 448 calfacit,
651 389 851 449 decoquit:
863 389 1004 449 potum
1021 389 1233 449 menstrua,

208 438 395 498 secundas
419 439 460 499 ac
477 440 607 500 partus
624 442 735 502 ejicit.
754 442 958 502 Pulmonis
976 443 1058 503 vitia
1082 443 1123 503 ex
1140 442 1235 502 mel¬

204 490 234 550 le
258 490 295 550 &
307 491 403 551 aloe
426 492 565 552 potum
583 493 770 553 extrahit,
794 494 836 554 &
854 494 1052 554 convulsis
1070 496 1233 556 auxilia¬

189 542 288 602 tur.
317 544 510 604 nauseas,
527 545 802 605 stomachique
825 547 1023 607 erosiones
1047 547 1081 607 ex
1111 547 1221 607 posca

209 596 447 656 permulcet.
464 599 583 659 atram
601 599 714 659 bilem
732 599 791 659 per
810 598 934 658 alvum
952 598 1082 658 exigit.
1119 599 1225 659 Bibi¬

202 647 264 707 tur
287 647 327 707 in
350 649 447 709 vino
470 650 669 710 utilissimè
691 652 828 712 contra
851 652 1084 712 serpentium
1107 651 1215 711 mor¬

198 700 278 760 sus:
300 701 482 761 defectos
504 703 639 763 animo
660 706 821 766 recreat,
838 706 924 766 cum
940 706 1053 766 aceto
1075 704 1225 764 naribus

196 754 443 814 objectum:
460 755 633 815 gingivas
650 757 812 817 arefacti
835 757 956 817 cinere
973 758 1226 818 corroborat.

200 803 346 863 Illitum
362 806 452 866 cum
469 808 626 868 polenta
649 809 997 869 inflammationes
1014 809 1148 869 omnes
1171 810 1221 870 se¬

200 856 286 916 dat,
299 859 497 919 podagris
522 860 578 920 per
596 860 627 920 se
646 862 832 922 subvenit,
850 862 1086 922 impositum
1105 862 1241 922 usque¬

208 910 302 970 dum
323 911 506 971 rubescat
528 913 663 973 locus:
690 914 784 974 cum
805 916 936 976 cerato
957 916 1072 976 varos
1098 913 1224 973 extin¬

196 962 306 1022 guit:
323 964 492 1024 lienosis
515 965 602 1025 cum
625 967 700 1027 sale
723 967 863 1027 utiliter
891 968 1065 1028 illinitur.
1088 967 1227 1027 Deco¬

206 1015 314 1075 ctum
338 1016 422 1076 ejus
446 1018 590 1078 ablutas
613 1019 823 1079 prurigines
847 1021 1009 1081 mitigat:
1026 1021 1230 1081 conversas

209 1069 335 1129 vulvas
363 1070 547 1130 corrigit:
564 1072 695 1132 contra
712 1073 970 1133 inflationes,
982 1073 1217 1133 duritiasque

204 1121 326 1181 vulvae
355 1122 399 1182 in
428 1124 669 1184 desessiones
708 1127 994 1187 convenienter
1028 1127 1230 1187 adjicitur.

205 1174 456 1234 Dioscorides.

258 1226 405 1286 RUTA
430 1229 640 1289 (German.
646 1231 806 1291 Rauten.
818 1231 917 1291 Gall.
929 1231 973 1291 De
985 1231 1015 1291 la
1040 1231 1138 1291 Ruc.)
1151 1231 1219 1291 tam

216 1278 326 1338 sativa,
339 1279 468 1339 quàm
487 1282 685 1342 sylvestris,
697 1284 857 1344 vulgaris
882 1285 925 1345 est
944 1284 1111 1344 notitiae.
1141 1281 1228 1341 Na¬

206 1330 302 1390 scitur
324 1333 465 1393 passim
487 1334 520 1394 in
537 1335 678 1395 hortis.
695 1336 813 1396 Amat
830 1337 953 1397 solum
970 1337 1110 1397 siccum
1133 1336 1167 1396 &
1184 1336 1223 1396 a¬

213 1384 365 1444 pricum.
376 1386 505 1446 Floret
522 1387 657 1447 aestate.
674 1388 872 1448 Colligitur
890 1387 1100 1447 autumno.
1130 1387 1211 1447 Sic¬

210 1434 298 1494 tatur
313 1436 350 1496 in
365 1439 531 1499 umbra,
546 1441 582 1501 &
603 1442 856 1502 conservatur
872 1441 940 1501 per
955 1441 1120 1501 annum.
1131 1439 1224 1499 *II.

208 1486 333 1546 traque
351 1491 442 1551 urit,
454 1493 614 1553 calfacit,
626 1493 832 1553 exulcerat,
843 1493 993 1553 utinam
1010 1492 1096 1552 ciet,
1108 1493 1216 1553 men¬

214 1540 293 1600 strua
311 1542 432 1602 pellit,
443 1545 570 1605 alvum
594 1546 684 1606 sistit
702 1547 811 1607 potu,
829 1546 980 1606 cibove.
998 1544 1221 1604 Lethalium

227 1595 595 1655 medicamentorum
616 1598 854 1658 antidotum
876 1598 946 1658 est,
967 1597 1000 1657 si
1016 1597 1151 1657 semen
1178 1595 1216 1655 ex

227 1642 314 1702 vino,
325 1647 407 1707 aceta
424 1649 505 1709 buli
529 1651 708 1711 mensura
731 1651 934 1711 ebibatur.
963 1649 1073 1709 Folia
1102 1648 1166 1708 per
1189 1648 1223 1708 se

251 1696 1230 1743 praesimpta, aut cum nucibus juglandibus, ari-
234 1748 339 1808 disque
356 1753 467 1813 ficis,
485 1757 712 1817 inefficaces
742 1756 993 1816 venenorum
1016 1754 1110 1814 vires
1144 1753 1232 1813 red¬

225 1801 299 1861 dunt
316 1804 449 1864 contra
466 1808 667 1868 serpentes
684 1809 794 1869 simili
811 1808 937 1868 modo
955 1807 1098 1867 sumere
1122 1806 1219 1866 con¬

224 1856 316 1916 renit.
334 1860 576 1920 Genituram
593 1861 708 1921 cibo,
726 1861 876 1921 potuve
893 1859 1107 1919 extinguit:
1130 1857 1216 1917 cum

213 1906 334 1966 anetho
363 1911 474 1971 sicco
497 1913 694 1973 decocta,
705 1913 879 1973 totmina
897 1913 1018 1973 sedat.
1053 1912 1158 1972 Facit
1175 1912 1221 1972 ad

212 1960 379 2020 pectoris,
391 1964 636 2024 laterumque
660 1966 833 2026 dolores,
845 1966 1114 2026 difficultatem
1138 1963 1215 2023 spi¬

203 2011 311 2071 randi,
323 2016 455 2076 tusses,
467 2018 667 2078 pulmonis
684 2018 1058 2078 inflammationem,
1069 2017 1218 2077 toxen¬

193 2063 340 2123 dicum,
351 2069 661 2129 articulorumque
678 2071 893 2131 cruciatus,
910 2071 943 2131 &
960 2069 1147 2129 horrores
1164 2068 1220 2128 fe¬

202 2116 311 2176 brium
329 2122 499 2182 circuitu
523 2124 765 2184 repetentes,
783 2125 893 2185 pota,
911 2123 948 2183 ut
972 2122 1050 2182 antè
1074 2122 1226 2182 dictum

199 2170 256 2230 est.
268 2171 361 2231 Item
384 2173 430 2233 ad
447 2176 684 2236 inflationes
702 2176 789 2236 coli,
806 2176 945 2236 vulvae,
956 2176 1130 2236 rectique
1159 2173 1222 2233 in¬

186 2221 313 2281 testini
330 2225 428 2285 cum
451 2228 549 2288 oleo
572 2230 739 2290 decocta
768 2228 809 2288 &
826 2228 975 2288 infusa.
999 2227 1253 2287 Foeminas!

189 2275 309 2335 vulvae
327 2279 579 2339 strangulatu
597 2282 741 2342 liberat,
759 2282 783 2342 si
801 2282 813 2342 à
837 2281 993 2341 genitali
1011 2279 1215 2339 sedetenus

190 2327 273 2387 cum
290 2329 402 2389 melle
425 2333 655 2393 subjiciatur.
672 2333 879 2393 Fervefacta
901 2333 941 2393 ex
963 2333 1070 2393 oleo,
1086 2332 1120 2392 &
1137 2332 1209 2392 po¬

183 2381 242 2441 ta,
259 2383 407 2443 ventris
431 2386 555 2446 tineas
578 2387 738 2447 excutit:
756 2387 986 2447 articulariis
1004 2385 1210 2445 doloribus

186 2431 224 2491 ex
243 2435 384 2495 melle,
404 2438 525 2498 aquae
545 2440 647 2500 inter
666 2440 794 2500 cutem
820 2440 903 2500 cum
923 2438 1006 2498 ficis
1032 2437 1212 2497 illinitur:

186 2486 333 2546 tisdem
351 2489 389 2549 in
407 2491 511 2551 potu
530 2492 751 2552 auxiliatur,
763 2491 917 2551 decocta
935 2491 972 2551 in
984 2489 1077 2549 vino
1101 2488 1144 2548 ad
1163 2488 1218 2548 di¬

180 2540 321 2600 midias
345 2542 505 2602 partes,
524 2543 561 2603 &
579 2545 714 2605 oblita.
746 2545 881 2605 Cruda
899 2544 1139 2604 conditaque
1170 2542 1219 2602 ci¬

186 2592 260 2652 bo,
278 2593 381 2653 visus
398 2594 524 2654 aciem
547 2596 708 2656 excitat:
725 2597 880 2657 dolores
897 2597 1109 2657 oculorum
1126 2593 1212 2653 illita

181 2644 263 2704 cum
287 2646 457 2706 polenta
486 2648 610 2708 lenit:
622 2648 827 2708 doloribus
845 2648 980 2708 capitis
1004 2648 1092 2708 cum
1103 2646 1215 2706 rosa¬

187 2698 251 2758 ceo
277 2698 322 2758 &
334 2698 457 2758 aceto
476 2699 566 2759 illita
586 2701 810 2761 auxiliatur:
830 2701 1099 2761 profluentem
1118 2697 1214 2757 nari¬

181 2749 251 2809 bus
271 2750 510 2810 sanguinem
529 2752 619 2812 sistit
639 2753 735 2813 trita,
749 2753 781 2813 &
794 2753 936 2813 indita.
968 2753 1142 2813 Testium
1162 2752 1227 2812 in¬

186 2802 546 2862 flammationibus
573 2804 663 2864 cum
676 2806 811 2866 laureis
837 2806 933 2866 foliis
953 2806 1153 2866 imposita,
1166 2804 1211 2864 &

181 2855 462 2915 cruptionibus
494 2858 732 2918 papulatum
757 2858 851 2918 cum
869 2859 1001 2919 myrto
1020 2858 1057 2918 &
1076 2857 1207 2917 cerato

177 2908 368 2968 prodest.
391 2909 481 2969 cum
504 2911 635 2971 pipere
659 2911 802 2971 autem,
820 2911 902 2971 vino
927 2911 962 2971 &
974 2911 1076 2971 nitro
1099 2908 1206 2968 affri¬

177 2959 237 3019 cta
255 2959 359 3019 albae
371 2961 555 3021 vitiligini
573 2963 769 3023 medetur:
787 2963 836 3023 cum
849 2963 989 3023 eisdem
1014 2962 1106 3022 illita
1124 2960 1210 3020 for¬

168 3011 415 3071 micationes
438 3013 559 3073 tollit,
570 3014 606 3074 &
624 3016 811 3076 verrucas,
823 3016 907 3076 quae
919 3016 1045 3076 thymi
1063 3014 1201 3074 florem

174 3064 483 3124 repraesentant.
507 3067 653 3127 Contra
671 3070 916 3130 impetigines
934 3070 1016 3130 cum
1039 3067 1203 3127 alumine

181 3116 224 3176 &
249 3116 373 3176 melle
398 3118 603 3178 utilissimè
622 3121 858 3181 imponitur.
883 3122 1032 3182 Succus
1050 3121 1087 3181 in
1113 3118 1205 3178 mali

185 3169 327 3229 punici
352 3169 476 3229 calvce
501 3172 705 3232 calfactus,
718 3175 873 3235 aurium
892 3175 1022 3235 dolori
1040 3172 1201 3232 efficaci¬

175 3220 232 3280 ter
258 3221 507 3281 infunditur.
539 3224 660 3284 Idem
679 3226 814 3286 oculis,
832 3227 896 3287 qui
915 3226 1202 3286 hebetudinem

185 3272 369 3332 senserem,
390 3274 468 3334 cum
489 3277 666 3337 foeniculi
686 3279 791 3339 succo
818 3280 857 3340 ac
877 3280 983 3340 melle
1002 3279 1207 3339 inunctu:,

183 3328 428 3388 opitulatur.
456 3330 592 3390 Ignem
612 3333 769 3393 sacrum,
783 3335 905 3395 ulcera
926 3335 1015 3395 quae
1028 3334 1205 3394 serpunt,

1243 130 1280 190 A
1318 129 1379 189 aut
1392 128 1429 188 in
1447 128 1566 188 capite
1591 127 1770 187 manant,
1790 127 1877 187 cum
1889 127 2013 187 aceto,
2026 128 2199 188 rosaceo,
2212 131 2249 191 &
2268 133 2329 193 ce¬

1304 179 1405 239 russa
1423 179 1536 239 illitus
1554 179 1744 239 persanat,
1756 181 1875 241 mansa
1899 182 2090 242 alliorum,
2113 184 2321 244 ceparum¬

1303 232 1387 292 que
1406 232 1668 292 acrimoniam
1680 233 1839 293 domat.
1857 235 2053 295 Sylvestris
2071 235 2095 295 si
2119 236 2321 296 copiosiùs

1309 283 1420 343 estur,
1431 284 1623 344 interficit.
1653 286 1758 346 Dum
1775 287 1920 347 florem
1938 287 2107 347 promit,
2119 289 2159 349 &
2171 289 2218 349 ad
2235 289 2322 349 mu¬

1298 337 1375 397 rias
1404 337 1616 397 colligitur,
1639 338 1762 398 cutem
1786 340 1903 400 inflat
1926 340 1962 400 &
1974 340 2115 400 rubore
2144 341 2320 401 quodam

1296 388 1444 448 inficit,
1461 389 1543 449 cum
1565 390 1709 450 pruritu
1731 391 1764 451 ac
1780 391 2006 451 vehementi
2023 392 2319 452 inflammatio¬

1292 440 1359 500 ne.
1370 442 1528 502 oportet
1550 443 1679 503 itaque
1696 443 1781 503 eam
1803 445 1926 505 unctis
1949 445 2056 505 antea
2078 446 2259 506 manibus
2281 448 2326 508 &

1306 493 1402 553 facie
1427 494 1616 554 colligere.
1640 496 1810 556 Tradunt
1834 497 1980 557 succum
1998 497 2218 557 gallinaceis
2236 499 2321 559 pul¬

1290 545 1337 605 lis
1355 547 1581 607 inspersum,
1593 548 1682 608 feles
1700 548 1836 608 arcere.
1854 550 2050 610 Adjiciunt
2068 550 2169 610 eam,
2187 550 2270 610 quae
2288 550 2323 610 in

1296 599 1538 659 Macedonia
1565 599 1659 659 circa
1686 601 1922 661 Haliaemon
1944 602 2104 662 amnem
2131 604 2318 664 prodeat,

1235 650 1262 710 B
1301 652 1559 712 comedentes
1575 653 1805 713 interimere.
1827 655 1973 715 Monto
1984 654 2040 714 sus
2063 653 2191 713 autem
2208 653 2236 713 is
2253 653 2320 713 lo¬

1294 704 1376 764 cus,
1387 706 1520 766 viperis
1542 706 1668 766 scatet.
1685 707 1822 767 Semen
1844 707 1922 767 ejus
1943 707 2087 767 potum
2104 706 2236 766 contra
2258 704 2323 764 in¬

1299 757 1438 817 testina
1461 757 1545 817 vitia
1567 757 1701 817 efficax
1723 757 1790 817 est.
1813 758 1863 818 In
1879 758 2064 818 antidota
2097 758 2315 818 commodè

1287 807 1469 867 additur.
1497 811 1651 871 Contra
1674 811 2011 871 incontinentiam
2027 811 2155 871 urinae
2171 811 2320 871 tostum

1293 859 1423 919 semen
1447 862 1606 922 septenis
1630 863 1760 923 diebus
1783 863 1890 923 potui
1908 863 2038 923 datur.
2050 863 2180 923 Radix
2197 863 2315 923 hujus

1294 913 1535 973 montanum
1558 914 1662 974 moly
1684 916 1865 976 vocatur:
1876 916 2075 976 Sylvestris
2096 916 2173 976 ruta
2195 915 2316 975 sativae

1298 965 1426 1025 similis
1449 967 1511 1027 est.
1516 967 1673 1027 Piodest
1695 968 1975 1028 comitialibus,
1992 968 2031 1028 &
2042 968 2311 1028 coxendicum

1294 1018 1523 1078 doloribus:
1539 1019 1704 1079 menstrua
1720 1021 1869 1081 movet,
1880 1021 2002 1081 partus
2024 1022 2173 1082 enecat.
2184 1019 2311 1079 Acrior

1297 1072 1341 1132 est
1361 1072 1515 1132 viribus,
1528 1073 1644 1133 quàm
1663 1073 1868 1133 hortensis,
1876 1073 1908 1133 &
1920 1073 2094 1133 validior.
2107 1075 2312 1135 Sylvestris,

1302 1125 1442 1185 utpotè
1465 1126 1594 1186 noxia,
1605 1126 1689 1186 cibis
1712 1126 1925 1186 abdicatur.
1936 1124 2155 1184 Dioscorides.

1238 1177 1273 1237 C
1325 1178 1523 1238 SABINA
1547 1177 1757 1237 (German.
1775 1177 2020 1237 Sevenbaum.
2032 1178 2131 1238 Gall.
2143 1178 2311 1238 Savinter,

1295 1228 1380 1288 Ital.
1398 1229 1538 1289 Sauina.
1556 1229 1667 1289 Hisp.
1679 1229 1807 1289 Sabina
1825 1229 1978 1289 yerua!)
1996 1229 2167 1289 duorum
2191 1229 2319 1289 gene¬

1290 1282 1381 1342 rum
1405 1282 1466 1342 est.
1497 1282 1589 1342 Una
1613 1282 1717 1342 foliis
1741 1282 1912 1342 cupresso
1936 1282 2077 1342 similis,
2089 1283 2199 1343 spinis
2223 1283 2315 1343 hor¬

1290 1334 1436 1394 ridior,
1448 1334 1606 1394 graviter
1623 1334 1747 1394 olens,
1759 1334 1870 1394 acris,
1887 1334 1928 1394 &
1940 1334 2104 1394 fervens.
2122 1334 2239 1394 arbor
2262 1334 2308 1394 est

1291 1387 1438 1447 coactae
1455 1388 1661 1448 breviratis,
1679 1388 1767 1448 quae
1785 1387 1849 1447 sese
1873 1387 1990 1447 magis
2008 1387 2043 1447 in
2055 1387 2307 1447 latitudinem

1287 1438 1430 1498 fundit.
1447 1439 1551 1499 hujus
1573 1439 1677 1499 foliis
1694 1439 1878 1499 nonnulli
1895 1439 1964 1499 pro
1981 1439 2113 1499 suffitu
2131 1439 2308 1499 utuntur.

1297 1490 1421 1550 Altera
1439 1492 1609 1552 tamarici
1627 1492 1727 1552 folio
1745 1492 1875 1552 similis
1899 1492 1963 1552 est.
1981 1492 2158 1552 Nascitur
2176 1493 2311 1553 passim

1284 1544 1323 1604 in
1340 1543 1482 1603 hortis.
1494 1543 1699 1603 Colligitur
1716 1544 1943 1604 autumno:
1960 1546 2221 1606 Conservatur
2244 1544 2318 1604 au¬

1295 1594 1374 1654 tem
1398 1594 1460 1654 per
1484 1594 1649 1654 annum.
1660 1595 1695 1655 *
1718 1595 1935 1655 Utriusque
1958 1597 2050 1657 folia
2078 1596 2227 1656 nomas
2256 1592 2312 1652 si¬

1290 1648 1417 1708 stunt.
1436 1648 1698 1708 collectiones
1722 1648 1814 1708 illitu
1838 1648 2040 1708 mitigant:
2058 1649 2150 1709 quin
2168 1649 2204 1709 &
2222 1649 2308 1709 cum

1230 1719 2312 1745 [D] melle illita nigritias, sordesque repurgant; & car¬
1290 1753 1497 1813 bunculos
1514 1751 1734 1811 rumpunt:
1756 1751 1846 1811 cum
1857 1751 1947 1811 vino
1970 1751 2059 1811 pota
2082 1753 2312 1813 sanguinem

1294 1805 1362 1865 per
1379 1804 1529 1864 urinam
1546 1804 1718 1864 eliciunt:
1735 1804 1862 1864 partus
1879 1804 2063 1864 apposita
2080 1805 2303 1865 extrahunt,

1284 1855 1326 1915 &
1344 1856 1598 1916 suffituidem
1622 1858 1821 1918 praestant.
1845 1858 2074 1918 Unguentis
2098 1856 2309 1916 calfacien¬

1283 1909 1393 1969 tibus
1416 1910 1706 1970 immiscentur,
1724 1910 1764 1970 &
1781 1912 1967 1972 privaum
1991 1912 2193 1972 gleucino.
2217 1909 2315 1969 Dio¬

1288 1961 1313 2021 si
1326 1961 1455 2021 orides.

1345 2015 1627 2075 SERPYLLUM
1659 2017 1805 2077 (Germ.
1818 2017 1991 2077 Quendet.
2003 2017 2107 2077 Gall.
2119 2017 2169 2077 Du
2193 2017 2316 2077 Sarpo¬

1291 2066 1367 2126 lei.)
1380 2068 1551 2128 duorum
1570 2068 1755 2128 generum
1774 2069 1837 2129 est.
1850 2069 2041 2129 Hortense
2066 2069 2187 2129 odore
2206 2069 2301 2129 sam¬

1288 2118 1482 2178 psuchum
1500 2120 1694 2180 imitatur,
1712 2122 1827 2182 atque
1844 2122 1878 2182 in
1895 2122 2067 2182 cotonas
2084 2122 2176 2182 addi
2188 2122 2308 2182 solet.

1296 2170 1357 2230 cui
1373 2171 1385 2231 à
1407 2173 1591 2233 serpendo
1614 2173 1759 2233 nomen
1781 2174 1943 2234 inditum
1965 2174 2038 2234 est:
2060 2174 2251 2234 quoniam
2278 2174 2306 2234 si

1294 2224 1370 2284 qua
1388 2224 1464 2284 ejus
1493 2225 1669 2285 parucula
1698 2225 1839 2285 terram
1850 2225 2038 2285 attingat,
2049 2225 2149 2285 inibi
2161 2225 2307 2285 radices

1292 2276 1469 2336 demittit.
1481 2277 1580 2337 Folia
1598 2278 1634 2338 &
1653 2278 1825 2338 ramulos
1849 2279 1996 2339 origani
2008 2278 2137 2338 habet,
2143 2278 2205 2338 sed
2223 2278 2315 2338 can¬

1291 2329 1490 2389 didiores,
1502 2330 1539 2390 in
1564 2330 1739 2390 maceriis
1770 2332 1895 2392 multò
1919 2332 2112 2392 proceriùs
2138 2330 2305 2390 assurgit.

1290 2383 1461 2443 Nascitur
1480 2383 1613 2443 passim
1639 2383 1670 2443 in
1689 2384 1829 2444 hortis,
1841 2384 1937 2444 locis
1956 2384 2108 2444 apricis.
2133 2380 2304 2440 Colligi¬

1283 2432 1338 2492 tur
1357 2434 1518 2494 mense)
1531 2436 1618 2496 unit
1630 2437 1668 2497 &
1680 2437 1785 2497 Julii.
1798 2437 1965 2497 Siccatur
1984 2437 2015 2497 in
2033 2435 2189 2495 umbra,
2201 2434 2239 2494 &
2251 2432 2312 2492 con¬

1284 2485 1459 2545 servatur
1485 2488 1547 2548 per
1566 2489 1736 2549 annum.
1754 2489 1955 2549 Sylvestre,
1968 2488 2081 2548 Zygis
2099 2488 2312 2548 appellatum,

1292 2539 1378 2599 non
1395 2540 1516 2600 serpit,
1534 2542 1591 2602 sed
1608 2542 1642 2602 in
1660 2542 1907 2602 altitudinem
1930 2541 2119 2601 increscit,
2131 2538 2309 2598 ramulos

1293 2592 1413 2652 edens
1432 2593 1577 2653 tenues,
1596 2594 1792 2654 surculos,
1811 2594 1912 2654 foliis
1937 2593 2102 2653 resertos
2121 2589 2322 2649 longiori¬

1283 2643 1375 2703 bus,
1389 2645 1501 2705 quàm
1522 2647 1628 2707 rutae,
1647 2647 1688 2707 &
1701 2645 1940 2705 durioribus,
1953 2644 2139 2704 angustis.
2179 2644 2311 2704 Flores

1288 2696 1461 2756 jucundè
1480 2698 1599 2758 olent,
1611 2699 1779 2759 gustanti
1798 2699 1916 2759 acres.
1935 2698 2084 2758 Radicis
2103 2695 2227 2755 nullus
2252 2692 2302 2752 u¬

1290 2749 1368 2809 sus?
1404 2750 1584 2810 Nascitur
1602 2750 1632 2810 in
1656 2750 1782 2810 petris,
1794 2750 1878 2810 tota
1896 2749 2022 2809 aestate
2040 2748 2172 2808 floret:
2190 2747 2304 2807 sativo

1296 2803 1499 2863 efficacius,
1511 2803 1589 2863 atque
1607 2803 1727 2863 magis
1745 2803 2020 2863 excalfaciens,
2032 2803 2068 2863 &
2086 2802 2128 2862 ad
2146 2800 2313 2860 meden¬

1290 2854 1324 2914 di
1342 2854 1446 2914 usum
1463 2855 1630 2915 aptius.*
1647 2855 1792 2915 Menses
1814 2855 1953 2915 trahit,
1970 2854 2010 2914 &
2028 2854 2190 2914 urinam
2207 2854 2305 2914 potu

1288 2908 1379 2968 ciet:
1392 2908 1600 2968 torminibus.
1612 2908 1747 2968 ruptis,
1759 2908 1882 2968 vulsis,
1894 2908 1931 2968 &
1943 2908 2133 2968 jecinoris
2151 2906 2311 2966 inflam¬

1290 2959 1530 3019 mationibus
1547 2960 1782 3020 auxiliatur:
1799 2960 1833 3020 &
1850 2960 2028 3020 adversus
2045 2959 2206 3019 serpentes
2228 2959 2302 3019 po¬

1282 3013 1330 3073 tu,
1336 3013 1481 3073 illiture
1505 3013 1680 3073 prodest.
1717 3013 1873 3073 Capitis
1892 3013 2048 3073 dolores
2073 3013 2217 3073 mulcet
2242 3013 2308 3073 co¬

1282 3065 1406 3125 ctum,
1429 3065 1577 3125 adjecto
1600 3065 1770 3125 rosaceo,
1781 3065 1815 3125 &
1826 3065 2093 3125 madefactum
2116 3065 2150 3125 in
2167 3065 2297 3125 aceto:

1289 3118 1459 3178 maximè
1483 3118 1575 3178 verò
1599 3118 1837 3178 phreneticis
1855 3118 1891 3178 &
1910 3118 2129 3178 lethargitis
2159 3116 2306 3176 conve¬

1283 3170 1364 3230 nit.
1394 3170 1597 3230 Cruentos
1615 3170 1783 3230 vomitus
1807 3171 1906 3231 sedat
1929 3172 2057 3232 succus
2097 3169 2295 3229 drachmis

1294 3221 1461 3281 quatuor
1481 3223 1520 3283 ex
1539 3223 1649 3283 aceto
1668 3223 1798 3283 potus.
1811 3221 1959 3281 Dioscor!

1356 3274 1659 3334 SISYMERIUM
1688 3275 1780 3335 (alii
1801 3275 2006 3335 serpyllum
2027 3274 2196 3334 sylvestre
2225 3274 2296 3334 vo¬

1290 3328 1396 3388 cant)
1423 3329 1610 3389 German.
1623 3329 1763 3389 Wilder
1783 3329 1943 3389 Quendet.
1963 3328 2063 3388 Gall.
2076 3328 2216 3388 Gesson.
2230 3329 2316 3389 Ital.
