2479 3508
204 55 363 144 147
679 52 1759 136 Antidotarii specialis Lib.I.
2135 55 2292 144 148
204 110 1252 206 Balsamita, menthae hortensis similitudine, odo¬
206 183 1227 243 ratius, latiore folio. Inseritur coronis Nascitur in
206 232 1227 303 solo inculto. Colligitur mense Junii vel Julii.
209 287 1224 345 Conservatur per annum.* Calfaciendi vim ha¬
206 331 1224 397 bet contra stillicidia urinae, calculosque, semen
206 392 1214 454 ex vino bibitur: tormina & singultus sedat. Fo¬
206 441 1211 509 lia in capitis dolore, fronti, aut temporibus illi¬
206 493 1227 553 nuntur: item contra vesparum, apumque ictus.
217 543 1248 611 Vomitiones potu cohibet Alterum sisymbrii ge¬
206 598 1227 666 nus, aliqui cardaminam, alii Sion appellant. Ea
209 642 1279 723 herba riguis gaudet, & eisdem in locis, quibus B
206 697 1224 754 Sion provenit: quae ideo nonnullis Cardamina
211 749 1214 812 nominatur,. quòd gustu cardamum, id est, nastur¬
206 806 1208 869 tium, repraesentet. Folia primùm rotunda pro
217 851 1227 914 deunt, adulta erucae modo finduntur. Id excal¬
206 908 1224 971 facit, urinas movet, crudum estur. Purgat lenti¬
211 955 1214 1026 gines, cutisque vitia in facie, noctibus impositum,
214 1013 937 1065 matutinisque detractum. Dioscorides.
269 1049 1224 1120 THYMUM (Germ. Thym & Römischer Quendel.
224 1096 1232 1177 Gall. du Thin. ou Thim. Ital. Thimo. Hispan. Tomillo
222 1156 1276 1248 verua.) ab omnibus cognoscitur, surculosus fru¬
214 1216 1229 1284 tex exilibus foliis, multis & angustis circumda¬
214 1266 1224 1339 tus: capitulis in cacumine flore purpurascente
214 1318 1216 1394 refertis. Gracili solo & petroso provenit. Colli¬
230 1368 1224 1446 gitur mense Junii. Conservatur per annum.* Vim
214 1422 1216 1488 habet hanc, ut cum sale & aceto potum, pitui¬
214 1472 1229 1543 tam per alvum detrahat. Decocti jus prodest or¬
214 1524 1211 1589 thopnoicis & anhelatoribus: tineas ventris exi¬
217 1576 1214 1647 git: menses, partus, & secundas pellit: urinus ciet.
214 1629 1219 1691 Cum melle in eclegmate fatiles facit excreatio¬
214 1681 1268 1754 nes: recentes tumores discutit, cum aceto illi-
217 1741 1229 1804 tum: concretum sanguinem dissolvit. verrucas
217 1783 1227 1845 thymi colorem reddentes pensilesque tollit.
211 1835 1214 1903 Ischiadicis cum vino, & polenta impositum sub¬
217 1890 1219 1952 venit: hebetibus oculis in cibo prodest. Perquàm
217 1937 1221 1994 utile pro condimento, duntaxat ad usus eorum
217 1991 796 2070 qui rectè valent. Dioscorides.
271 2004 1214 2101 TRIFOLIU, (quod German. Klee. Ital. Trifo¬
227 2096 1221 2161 glio. Gall. Treffl. Hispan. Trebol.) Graeci Oxytri¬
224 2145 1214 2213 phyllon, aut Alphation appellant, quòd bitu¬
211 2190 1261 2265 men redoleat, multas habet virgas tenues, cubi¬
214 2250 1211 2310 tum aut ampliùs longas: folia magna, acumina¬
222 2302 1214 2365 ta, terna singulis germinationibus, exeuntia, qui¬
211 2352 1216 2419 bus recenter enatis rutae odor inest: ubi autem
214 2412 1211 2466 adoleverunt, bitumen olent: florem edis purpu¬
206 2459 1221 2521 reum, semen latum, hirsutum, ex altera extremi¬
214 2508 1211 2571 tate exertum corniculi modo: radix longa, te¬
217 2568 1211 2628 nuis, dura. Copiosè nascitur circa Elbam & Pe¬
211 2615 1221 2675 ttam santam Hetruriae. Hujus usus esse debet,
214 2667 1216 2720 non trifolii pratensis, quod à vero trifolio maxi¬
222 2707 1263 2782 mè differt à Graecis descripto.* Semen & solia
217 2767 1214 2837 in aqua pota pleuriticis, urinae difficultati, commi¬
217 2821 1214 2879 tialibus & iis qui aquae inter cutem principia sen¬
217 2866 1219 2936 tiunt, foeminis quoque sulvae vitiis opportunis
211 2923 1221 2996 auxiliantur: menses ciunt ternae drachmae è se¬
217 2968 1211 3041 mine dari debent, è foliis verò quaternae. Con¬
217 3025 1219 3095 tra serpentium ictus trita folia, & ex aceto mul¬
222 3075 1214 3145 so pota, praesidio sunt. Tradunt aliqui, totius
222 3132 1224 3182 fruticis, radicis, foliorumque decoctum fotum do¬
209 3174 1224 3239 lores eorum finire, quos serpentes percusserint.
211 3234 1214 3294 qua autem aqua sanatus quis fuerit, si ea quis.
214 3283 1221 3359 piam alius foveatur, qui ulcus habucrit, perinde
1252 91 2297 198 [A] afficitur, ut a serpente demorsus. Quidam terna
1292 180 2299 243 folia aut semina, in tertianis, cum vino potui de¬
1292 232 2297 298 dêre: & in quartanis quartana, ut quae febrium
1292 284 2284 350 circuitus discuterent. Radix antidotis inseritur
1292 339 1856 394 Dioscor. & Medici Florentini.
1347 347 2299 449 VERBENACA (Germ. Eisenkraut. Gall. Veruai.
1287 438 2302 501 ne. Ital. Herbena. Hispan. La grama yerna.) Graecis
1292 493 2297 561 Peristereon, dodrantis altitudine, & interdum
1300 545 2289 606 ampliùs adolescit. Folia è caule prodeunt inci¬
1287 595 2289 655 sa, & subalbida ea singulari ramo, radiceque so¬
1282 650 2276 713 [B] la, constare saepiùs invenitur. Nascitur in aquo¬
1300 697 2289 754 sis.* Folia cum suilla adipe recenti, aut rosaceo
1295 749 2286 820 imposita, vulvarum dolores finire putantur: i¬
1292 801 2294 867 gnem sacrum illita ex aceto reprimunt: putrida
1289 853 2299 921 ulcera cohibent: vulnera glutinant, veteraque ex
1287 911 2166 963 melle ad cicatricem perducunt. Dioscorides.
1347 958 2297 1015 URTICA (Germ. Kessel. Gall. Ortie. Ital. Ortica.
1292 1013 2299 1078 Hisp. Hortiga.) adeò vulgaris est notitiae, ut non
1295 1060 2297 1128 modò interdiu, sed etiam noctu in tenebris solo
1295 1114 2297 1177 tactu ab omnibus facillimè cognoscatur. Ejus
1305 1164 2286 1235 [C] genera duo. Altera sylvestrior, asperior: latiori¬
1295 1216 2289 1282 bus, nigrioribusque foliis: semine lini, sed mino¬
1292 1266 2286 1328 re. Altera non aequè aspera, minuto semine. Pas¬
1292 1328 2294 1383 sim in dumetis ac sepibus gignuntur. Semen
1287 1373 2289 1433 messibus colligi oportet.* Folia utriusque illita,
1287 1428 2294 1488 canis morsibus, addito sale, medentur: gangrae¬
1295 1477 2284 1540 nas, carcinomata, sordida ulcera, & quae cacoë¬
1295 1527 2279 1595 the vocantur, item luxata, panos, tubercula, pa¬
1292 1584 2286 1644 rotidas, suppurationesque sanant: lienosis cum ce¬
1287 1636 2289 1696 rato imponuntur: faciunt ad profluvia narium
1289 1686 2294 1741 [D] cum succo trita, & naribus indita: menses ciunt.
1289 1736 2294 1796 eadem detrita cum myrrha & imposita: proci¬
1287 1788 2292 1850 dentes vulvas recentia contactu resilire cogunt.
1289 1840 2292 1905 Semen potum ex passo Venerem stimulat & vul¬
1287 1903 2294 1955 vae ora patefacit: cum melle delinctum orthopnoeae,
1282 1944 2297 2007 lateris & pulmonum inflammationibus prodest:
1289 1997 2294 2062 thoracem expurgat, erodentibus medicamentis
1292 2051 2294 2114 admiscetur. Cocta cum conchis folia alvum e¬
1289 2098 2294 2164 molliunt, urinas movent, inflationes discutiunt:
1295 2153 2297 2211 decocta cum ptisana vitia pectoris extrahunt:
1287 2203 2294 2265 [E] mulierum menses evocant, cum myrthae modi¬
1287 2258 2289 2323 co pota. Inflammatione turgentem uvam gar¬
1295 2310 2067 2391 garizatus succus reprimit. Dioscorides.
1490 2367 2091 2466 De folis calidis in quarto.
1342 2419 2284 2508 ALLIUM quoddam sativum atque hortense
1287 2503 2292 2568 habetur, (Germ Knoblauch. Gall. Ail, ou Aux. Ital.
1287 2558 2297 2623 Aglio. Hispan. Aio.) quod in Aegypto, singulari
1287 2613 2294 2675 ut porrum capite constat, dulce, in purpureum
1300 2662 2294 2727 vergens, parvum: reliqua verò magna & candi¬
1289 2717 2299 2774 [F] da, & pluribus coagmentantur nucleis, quos a¬
1295 2764 2297 2834 glithas, id est, spitas, Graeci nominant. Aliud
1292 2821 2294 2881 est sylvestre, quod ophioscorodon, id est, angui¬
1295 2871 2310 2952 num, vocant. Germ. Wilder knoblauch.* Vis allii
1287 2921 2289 2978 acris est, excalfacit, mordet, excernit, alvum tur¬
1289 2970 2292 3041 bat, inflationes sacit, stomachum exiccat, sitim
1295 3028 2286 3093 gignit, flatum permovet, summam corporis cu¬
1295 3075 2297 3142 tem exulcerat, aciem oculorum esu hebetat.
1292 3132 2289 3187 Eosdem esfectus praebet anguinum, quod & e¬
1282 3171 2292 3242 laphoscorodon dicitur: latas ventris tineas in ci¬
1287 3231 2279 3289 bo sumptum abigit, urinas detrahit contra vipe
1282 3286 2299 3349 rarum ictus, & privatìm haemorrhoi prodest, ita
2130 3338 2349 3422 ut non¬
