2479 3508
207 61 345 121 149

660 54 761 114 De
794 57 985 117 Foliis
1019 60 1243 120 calidis
1278 61 1344 121 in
1367 62 1580 122 gradu
1614 65 1885 125 quarto.

2141 69 2288 129 150

185 112 1223 191 ut non aliud magis, si cum vino jugiter assuma¬
183 181 263 241 tur,
273 181 332 241 aut
348 181 486 241 tritum
507 181 540 241 in
556 181 700 241 eodem
715 181 907 241 ebibatur:
923 181 1056 241 contra
1073 183 1205 243 rabio¬

185 235 311 295 sorum
335 233 508 293 morsus,
526 233 563 293 &
574 233 688 293 illitu,
700 233 736 293 &
748 233 832 293 cibo
850 235 969 295 valet.
993 235 1156 295 Magnae
1173 235 1209 295 &

179 285 265 345 allio
287 286 469 346 utilitates
491 286 625 346 contra
647 287 840 347 aquarum
856 287 1118 347 mutationes:
1135 290 1204 350 vo¬

187 338 270 398 cem
286 338 487 398 clarificat:
503 340 670 400 veterem
692 340 825 400 tussim
842 341 1003 401 crundum
1025 342 1203 402 coctum¬

182 391 216 451 ve
234 391 344 451 lenit:
361 391 506 451 potum
529 392 656 452 autem
674 392 761 452 cum
784 394 941 454 origani
958 395 1137 455 decocto,
1149 395 1218 455 pe¬

185 443 336 503 diculos
358 443 391 503 &
408 443 548 503 lendes
571 445 722 505 enecat:
733 446 890 506 cremati
907 446 996 506 cinis
1019 446 1125 506 illitus
1147 445 1203 505 su¬

187 496 455 556 gillationibus
483 496 567 556 cum
589 497 707 557 melle
735 497 768 557 &
785 499 975 559 alopeciis
1003 499 1087 559 cum
1109 499 1205 559 nar¬

185 548 276 608 dino
299 549 482 609 unguine
499 550 705 610 medetur:
722 551 957 611 eruptiones
974 553 1207 613 papularum

176 602 261 662 cum
279 602 376 662 oleo
394 602 437 662 &
455 602 522 662 sale
546 602 662 662 sanat:
681 604 906 664 vitiligines,
918 605 1106 665 lichenas,
1131 605 1216 665 len¬

176 655 330 715 tigines,
342 655 468 715 ulcera
491 655 623 715 capitis
641 656 853 716 manantia,
864 658 1001 718 lepras,
1013 658 1053 718 &
1065 658 1202 718 furfu¬

173 706 244 766 res,
261 707 349 767 cum
376 707 492 767 melle
514 708 668 768 eximit:
690 709 778 769 cum
794 709 904 769 thure
926 710 960 770 &
976 710 1201 770 teda-deco¬

173 760 299 820 ctum,
316 760 471 820 dentium
489 760 667 820 dolorem
684 761 799 821 levat;
816 763 839 823 si
856 763 891 823 in
909 763 971 823 ore
995 763 1201 823 continea¬

182 814 255 874 tur:
271 814 411 874 contra
433 814 647 874 venenatos
668 814 778 874 muris
793 815 924 875 aranei
940 815 1107 875 morsus,
1123 815 1206 875 cum

181 865 358 925 ficulneis
381 866 616 926 frondibus,
628 866 668 926 &
680 868 840 928 cumino
857 868 1030 928 illinitur.
1064 868 1201 928 Ferve¬

182 919 288 979 factae
312 919 441 979 comae
458 919 530 979 jus,
547 919 806 979 foeminatum
829 920 1116 980 desessionibus
1133 920 1206 980 ad¬

183 970 323 1030 ditum,
339 970 495 1030 menses
516 971 549 1031 &
565 971 758 1031 secundos
774 973 908 1033 partus
925 973 1112 1033 extrahit.
1134 974 1204 1034 Al¬

179 1022 265 1082 lium
283 1023 473 1083 ejusdem
496 1024 617 1084 gratia
640 1025 808 1085 suffitur.
837 1027 1004 1087 Factum
1027 1027 1073 1087 ex
1090 1028 1154 1088 eo,
1165 1028 1211 1088 &

192 1073 285 1133 nigra
308 1075 407 1135 oliva
424 1076 616 1136 intritum,
629 1078 739 1138 quod
756 1078 960 1138 myttoton
978 1079 1135 1139 vocant,
1146 1078 1198 1138 esu

184 1129 420 1189 citurinam,
437 1131 512 1191 ora
535 1132 725 1192 venarum
742 1132 955 1192 patefacit,
972 1132 1208 1192 hydropicis

187 1181 284 1241 utile.
302 1180 550 1240 Dioscorides.

233 1235 525 1295 LEPIDIUM
553 1237 705 1297 (Germ.
716 1237 941 1297 Pfeffertraut
958 1237 963 1297 /
969 1237 1211 1297 Gauchblum/

198 1286 421 1346 Bitertreß.
434 1288 543 1348 Gall.
556 1288 753 1348 Passoraige
779 1288 971 1348 saunage.)
990 1289 1104 1349 vulgò
1130 1291 1206 1351 no¬

176 1339 242 1399 tum
260 1339 327 1399 est,
338 1340 460 1400 muria
483 1340 572 1400 cum
583 1340 683 1400 lacte
706 1340 884 1400 servatur.
890 1340 906 1400 *
924 1341 990 1401 Vis
1007 1342 1202 1402 foliorum

189 1390 256 1450 icris
279 1390 313 1450 &
330 1393 591 1453 exulcerans.
607 1394 676 1454 qua
693 1394 851 1454 propter
869 1394 982 1454 ischia
993 1396 1083 1456 dicis
1101 1397 1197 1457 trita,

202 1444 519 1504 praesentissimum
542 1445 586 1505 est
603 1445 821 1505 auxilium,
837 1447 865 1507 si
882 1447 972 1507 cum
983 1447 1128 1507 helenii
1144 1447 1200 1507 ra¬

199 1496 279 1556 dice,
296 1498 435 1558 quarta
464 1499 568 1559 parte
591 1499 694 1559 horae
712 1501 902 1561 illinatur:
914 1501 1075 1561 lienosis
1092 1502 1207 1562 simili

203 1546 308 1606 modo
326 1552 519 1612 prodest:
542 1553 665 1613 lepras
694 1553 847 1613 eximit.
870 1552 998 1612 Radix
1028 1553 1197 1613 appensa

210 1599 304 1659 collo,
314 1603 455 1663 dolore
476 1606 654 1666 dentium
675 1606 826 1666 liberare
847 1606 1103 1666 existimatur.
1118 1606 1201 1666 Na¬

218 1650 302 1710 scitur
314 1654 434 1714 passim
459 1658 495 1718 in
513 1660 652 1720 hortis.
670 1660 797 1720 Verno
821 1660 1003 1720 tempore
1027 1660 1208 1720 apparet.

227 1706 432 1766 Diuscerides.

260 1762 570 1822 NASTURTIUM
595 1765 812 1825 SATIVUM
850 1765 1024 1825 (Germ.
1042 1763 1203 1823 Garten¬

223 1808 282 1868 tif.
294 1812 384 1872 Gall.
395 1816 563 1876 Chresson
580 1817 729 1877 alenoys,
741 1816 783 1876 oà
801 1816 943 1876 nasiiori.
961 1816 1045 1876 Ital.
1056 1818 1205 1878 Agreto.

200 1864 332 1924 Hispan.
351 1868 575 1928 Nasturcio,
593 1870 763 1930 malpica)
782 1870 903 1930 hortis
927 1870 1152 1930 familiaris,
1164 1871 1206 1931 &

193 1915 354 1975 frequens
371 1920 493 1980 herba
515 1922 585 1982 est;
602 1922 746 1982 tenuis:
757 1922 861 1982 foliis
890 1922 1022 1982 parvis,
1039 1922 1202 1982 lacinia¬

193 1967 245 2027 tis:
263 1972 363 2032 caule
386 1974 532 2034 renui,
550 1976 830 2036 sesquipedali:
848 1975 941 2035 flore
959 1975 1070 2035 albo:
1087 1975 1198 2035 semi¬

189 2023 228 2083 ne
245 2023 279 2083 in
296 2026 461 2086 rubeum
483 2027 726 2087 nigricante,
744 2027 936 2087 solliculis
959 2027 1140 2087 rotundis
1157 2027 1196 2087 ac

182 2074 303 2134 pressis
326 2080 551 2140 contento,
568 2081 712 2141 thlaspi
729 2080 879 2140 modo.
897 2080 1041 2140 Floret
1058 2082 1197 2142 aestate,

190 2128 293 2188 Junio
310 2131 563 2191 potissimùm
586 2132 730 2192 mense.
741 2134 925 2194 Sequenti
943 2134 1120 2194 tempore
1138 2134 1189 2194 se¬

180 2181 274 2241 mine
295 2184 505 2244 praegnans
527 2185 583 2245 est.
599 2185 633 2245 *
654 2186 853 2246 Omnium
875 2186 1003 2246 semen
1024 2186 1069 2246 est
1091 2186 1195 2246 acre:

178 2234 390 2294 ercalfacit,
401 2237 619 2297 stomacho
637 2239 884 2299 adversatur,
907 2239 1031 2299 alvum
1048 2240 1195 2300 turbat,

183 2288 290 2348 uneas
311 2290 478 2350 excutit.
494 2291 638 2351 lienem
660 2291 890 2351 imminuit,
901 2291 1035 2351 partus
1062 2291 1195 2351 exani¬

186 2341 271 2401 mat,
289 2342 443 2402 menses
460 2344 523 2404 cit,
535 2344 724 2404 Venerem
741 2345 930 2405 stimulat,
941 2345 1084 2405 sinapis
1107 2344 1142 2404 &
1153 2344 1193 2404 e¬

173 2393 264 2453 lucae
288 2396 411 2456 simile
442 2398 694 2458 intelligitur:
712 2398 841 2458 lepras
872 2398 914 2458 &
939 2398 1196 2458 impengines

173 2445 368 2505 abstergit.
397 2449 553 2509 Illitum
581 2450 668 2510 cum
691 2452 806 2512 melle
823 2452 967 2512 lienem
991 2452 1198 2512 extenuat,

173 2499 273 2559 lavos
296 2501 514 2561 expurgat:
532 2503 774 2563 pulmonum
785 2503 874 2563 vitia
891 2503 1068 2563 extrahit,
1080 2504 1203 2564 sorbi¬

176 2553 351 2613 nonibus
372 2555 612 2615 incoctum:
628 2557 851 2617 serpentum
867 2557 1027 2617 venenis
1048 2557 1191 2617 potum

163 2606 322 2666 resistit,
340 2608 470 2668 atque
488 2608 549 2668 eas
575 2608 703 2668 suffitu
728 2609 863 2669 fugat:
875 2609 1109 2669 capillorum
1127 2610 1195 2670 de¬

173 2657 289 2717 fluvia
312 2659 507 2719 cohibet:
518 2662 779 2722 carbunculos
801 2663 851 2723 ad
868 2663 1196 2723 suppurationem

177 2712 368 2772 perducit,
385 2713 423 2773 &
434 2713 609 2773 rumepit:
625 2714 910 2774 coxendicibus
926 2714 1014 2774 cum
1030 2716 1194 2776 polenta

167 2764 387 2824 commodè
414 2764 455 2824 ex
471 2765 582 2825 aceto
603 2765 776 2825 illinitur:
786 2767 980 2827 tumores,
991 2769 1195 2829 collectio¬

168 2816 318 2876 nesque
335 2818 517 2878 discutit:
528 2819 667 2879 emittit
684 2819 914 2879 furunculos
941 2821 1081 2881 illitum
1102 2821 1193 2881 cum

169 2870 309 2930 muria.
327 2872 480 2932 Heibae
503 2872 550 2932 ad
568 2872 696 2932 omnia
715 2873 820 2933 idem
837 2873 1013 2933 effectus,
1025 2874 1107 2934 licet
1125 2875 1196 2935 mi¬

160 2921 256 2981 nor.
267 2923 369 2983 Dios.
380 2924 516 2984 orides.

203 2977 465 3037 PORRUM
499 2980 709 3040 capitatum
738 2981 947 3041 (German.
965 2981 1081 3041 Lauch.
1092 2980 1197 3040 Gall.

162 3026 351 3086 Pourran.
363 3028 439 3088 ItaL
464 3028 581 3088 Porro.
599 3031 759 3091 Hispan.
771 3034 936 3094 Puerro.)
948 3034 1208 3094 inflationem

171 3082 287 3142 parit,
298 3081 470 3141 noxium
487 3082 647 3142 succum
669 3084 780 3144 creat,
791 3086 1084 3146 tumultuosum
1106 3085 1211 3145 som¬

155 3133 276 3193 nium
298 3134 425 3194 parit;
442 3135 608 3195 urinam
635 3137 729 3197 ciet,
745 3139 823 3199 alvo
845 3140 1198 3200 accommodatur,

170 3185 378 3245 extenuat,
388 3188 602 3248 oculorum
623 3190 740 3250 aciem
756 3193 937 3253 liebetat,
953 3193 1097 3253 menses
1118 3193 1198 3253 pel¬

165 3238 233 3298 lit:
244 3238 307 3298 sed
324 3239 432 3299 laedit
455 3242 710 3302 exulcetatam
727 3245 909 3305 velicam,
921 3247 1091 3307 venesque.
1102 3245 1193 3305 cum

166 3292 318 3352 ptisana
342 3293 430 3353 verò
453 3295 634 3355 coctum,
651 3297 710 3357 esu
728 3299 891 3359 pectoris
909 3299 991 3359 vitia
1014 3298 1195 3358 extrahit.

186 3347 310 3407 Coma
335 3347 410 3407 ejus
428 3349 466 3409 in
484 3349 583 3409 aqua
602 3352 732 3412 maris,
744 3354 782 3414 &
794 3355 900 3415 accto
925 3356 1056 3416 cocta,
1068 3355 1105 3415 in
1130 3353 1199 3413 de¬

1223 107 2306 200 [A] sessionibus ad praeclusiones vulvae, & duritias,
1272 182 1376 242 utilis
1398 184 1574 244 habetur.
1585 185 1744 245 Porrum
1761 185 1815 245 bis
1838 187 1936 247 aqua
1953 187 2101 247 mutata
2123 190 2304 250 coctum,

1278 235 1359 295 tum
1377 236 1517 296 frigida
1540 238 1803 298 maceratum,
1821 241 2020 301 dulcescit,
2037 241 2072 301 &
2089 242 2212 302 multò
2230 242 2305 302 mi¬

1269 287 1347 347 nùs
1371 289 1503 349 inflat.
1527 290 1670 350 Semen
1695 292 1820 352 acrius
1838 293 1904 353 est,
1922 293 1958 353 &
1970 293 2173 353 quandam
2191 292 2299 352 astri¬

1275 341 1444 401 ctoriam
1460 341 1531 401 vim
1547 343 1684 403 habet,
1700 344 1814 404 quare
1836 346 1961 406 succus
1982 347 2064 407 cum
2075 346 2206 406 aceto,
2222 345 2298 405 ad¬

1271 392 1354 452 dito
1371 394 1495 454 thure,
1506 395 1565 455 aut
1589 395 1748 455 manna,
1760 397 1948 457 sanguinis
1972 398 2166 458 profluvia
2183 400 2295 460 sistit,

1271 446 1446 506 maximè
1469 448 1493 508 si
1511 448 1668 508 naribus
1686 449 1884 509 erumpat.
1896 451 2089 511 Venerem
2107 451 2293 511 stimulat:

1271 499 1406 559 contra
1422 500 1557 560 omnia
1580 502 1748 562 thoracis
1770 502 1871 562 vitia,
1882 503 2056 563 tabemque
2073 503 2146 563 pro
2163 502 2292 562 delin¬

1271 553 1335 613 ctu
1359 553 1487 613 efficax
1517 553 1575 613 est:
1587 553 1758 613 arteriam
1781 554 1839 614 esu
1857 555 2009 615 purgat:
2021 556 2086 616 sed
2103 556 2127 616 si
2144 556 2296 616 assiduè

1276 604 1385 664 estur,
1395 605 1487 665 visus
1510 607 1781 667 obscuritatem
1792 607 1966 667 inducit:
1988 607 2200 667 stomacho
2222 607 2292 667 ad¬

1211 658 1241 718 B
1271 658 1458 718 versatur.
1476 659 1620 719 Succus
1639 659 1675 719 ex
1698 661 1807 721 melle
1831 661 1963 721 potus,
1976 661 2041 721 aut
2053 661 2185 721 illitus,
2204 661 2300 721 con¬

1271 709 1329 769 tra
1347 710 1552 770 bestiarum
1570 712 1722 772 morsus
1740 712 1881 772 auxilio
1898 712 1963 772 est.
1974 713 2109 773 Ipsum
2127 713 2291 773 quoque

1272 762 1355 822 cum
1377 763 1482 823 aceto
1510 764 1565 824 aut
1582 764 1703 824 thuris
1725 764 1897 824 polline,
1908 764 2024 824 lacte,
2035 765 2095 825 aut
2112 767 2294 827 rosaceo,

1275 814 1413 874 utiliter
1430 815 1585 875 aurium
1608 817 1820 877 doloribus
1838 817 1872 877 &
1895 817 2039 877 sonitui
2068 818 2297 878 instillatur.

1278 868 1397 928 Varos
1414 868 1556 928 tollunt
1579 868 1670 928 folia
1687 869 1773 929 illita
1795 869 1881 929 cum
1892 869 2006 929 rhoc,
2018 869 2086 929 qua
2109 869 2154 929 ad
2177 869 2296 929 obso¬

1275 919 1332 979 nia
1355 920 1526 980 utuntur:
1537 921 1749 981 epinyctidi
1760 922 1983 982 medentur:
2000 923 2137 983 crustas
2160 922 2193 982 ex
2217 922 2290 982 sale

1264 973 1361 1033 illita
1378 973 1585 1033 rumpunt.
1596 974 1745 1034 Veteres
1762 976 1957 1036 sanguinis
1974 977 2203 1037 rejectiones
2226 976 2300 1036 co¬

1267 1025 1425 1085 hibent,
1436 1025 1583 1085 seminis
1605 1027 1796 1087 drachmae
1812 1028 1921 1088 binae,
1937 1028 2024 1088 cum
2046 1028 2182 1088 aequali
2198 1027 2291 1087 bac¬

1270 1078 1402 1138 tarum
1420 1079 1564 1139 myrthi
1582 1079 1755 1139 pondere
1773 1079 1887 1139 potae.
1899 1081 2007 1141 Laeto
2025 1081 2109 1141 solo
2126 1082 2288 1142 gaudet,

1276 1132 1360 1192 odit
1373 1132 1498 1192 rigua.
1510 1132 1733 1192 Dioscorides.

1214 1189 1247 1249 C
1305 1186 1626 1246 STHUTHIUM
1651 1186 1767 1246 (Ger.
1775 1186 2040 1246 Serffentrant.
2056 1187 2147 1247 Gall.
2163 1187 2295 1247 Lherbe

1270 1234 1287 1294 à
1305 1235 1433 1295 faulon.
1445 1237 1521 1297 Ital.
1533 1238 1639 1298 Herba
1650 1238 1691 1298 da
1708 1238 1837 1298 tintori.
1849 1238 1954 1298 Hisp.
1966 1238 2071 1298 Terua
2089 1240 2276 1300 sabenera.)

1270 1289 1420 1349 Latinis
1444 1289 1618 1349 radicula
1635 1289 1696 1349 seu
1714 1291 1858 1351 lanaria
1881 1291 2025 1351 heiba,
2037 1291 2157 1351 vulgò
2175 1291 2289 1351 nota:

1259 1341 1338 1401 qua
1367 1343 1588 1403 purgandis
1611 1343 1707 1403 lanis
1730 1343 1929 1403 utuntur,
1951 1343 2019 1403 qui
2048 1343 2116 1403 eas
2139 1343 2298 1403 eluunt.

1266 1388 1290 1448 *
1309 1391 1434 1451 Hujus
1453 1394 1553 1454 radix
1577 1396 1622 1456 est
1640 1397 1758 1457 acris,
1771 1396 1921 1456 utinam
1939 1395 2021 1455 ciet:
2046 1394 2202 1454 prodest
2214 1394 2295 1454 tus¬

1258 1443 1326 1503 si,
1343 1448 1605 1508 jecinorosis,
1628 1448 1896 1508 orthopnoeae
1919 1448 1958 1508 ex
1987 1448 2095 1508 melle
2124 1449 2294 1509 sumpta,

1272 1498 1485 1558 cochlearis
1507 1501 1698 1561 mensurat
1715 1501 1838 1561 alvum
1861 1501 1984 1561 folvit.
2001 1501 2147 1561 Eadem
2164 1501 2214 1561 cum
2231 1501 2298 1561 pa¬

1272 1550 1366 1610 nace
1389 1552 1418 1612 &
1436 1553 1613 1613 capparis
1630 1553 1776 1613 radice,
1795 1553 1965 1613 calculos
1982 1553 2141 1613 frangit,
2159 1553 2194 1613 &
2211 1553 2299 1613 cum

1266 1603 1380 1663 urina
1403 1604 1605 1664 exturbat:
1622 1606 1800 1666 duritiem
1817 1606 1926 1666 lienis
1955 1606 2133 1666 absumit:
2151 1606 2299 1666 menses

1269 1655 1460 1715 imposita
1476 1657 1606 1717 trahit:
1622 1658 1751 1718 partus
1774 1658 1981 1718 efficaciter
1998 1658 2149 1718 enecat.
2177 1660 2289 1720 Cum

1203 1713 1237 1773 D
1271 1711 1431 1771 polenta
1454 1709 1580 1769 autem
1597 1709 1632 1769 &
1649 1709 1758 1769 aceto
1781 1709 1883 1769 illita,
1889 1711 2015 1771 lepras
2033 1711 2141 1771 tollit:
2158 1711 2289 1771 tuber¬

1265 1762 1357 1822 cula
1385 1762 1559 1822 discutit,
1575 1762 1657 1822 cum
1678 1763 1798 1823 farina
1815 1763 2033 1823 hordeacea
2054 1762 2093 1822 &
2104 1762 2196 1822 vino
2218 1762 2289 1822 de¬

1261 1816 1385 1876 cocta.
1396 1816 1571 1876 Miscetur
1593 1816 1627 1876 &
1644 1816 1903 1876 malagmatis,
1914 1814 1954 1874 &
1965 1814 2185 1874 ocularibus
2208 1816 2292 1876 col¬

1262 1866 1380 1926 lyriis,
1390 1868 1567 1928 claritatis
1588 1868 1711 1928 causa.
1727 1867 2038 1927 Sternutamenta
2060 1867 2204 1927 movet:
2220 1870 2290 1930 per

1271 1919 1311 1979 os
1333 1921 1483 1981 purgat,
1494 1922 1574 1982 trita
1592 1922 1678 1982 cum
1695 1921 1821 1981 melle,
1833 1921 1861 1981 &
1878 1919 2027 1979 naribus
2044 1919 2188 1979 infusa.
2205 1921 2296 1981 Na¬

1263 1972 1372 2032 scitur
1390 1973 1426 2033 in
1444 1975 1589 2035 saxolis
1614 1975 1650 2035 &
1662 1975 1801 2035 asperis
1819 1973 1916 2033 locis
1971 1972 2092 2032 Nunc
2110 1972 2146 2032 in
2164 1972 2291 2032 hortis

1264 2026 1504 2086 quibusdam
1527 2027 1732 2087 plantatur.
1744 2027 1867 2087 Floret
1885 2027 2025 2087 aestate,
2037 2027 2154 2087 Junio
2171 2027 2294 2087 maxi¬

1246 2078 1314 2138 mè
1331 2078 1485 2138 mense.
1509 2079 1743 2139 Dioscorides.

1327 2132 1540 2192 THAPSIA
1558 2132 1710 2192 nomen
1722 2132 1808 2192 ideo
1832 2132 1990 2192 accepit,
2002 2132 2112 2192 quòd
2124 2132 2161 2192 in
2185 2132 2289 2192 Tha¬

1257 2185 1322 2245 pso
1345 2186 1520 2246 ejusdem
1536 2186 1712 2246 nominis
1728 2185 1859 2245 insula,
1865 2185 2041 2245 primùm
2057 2185 2210 2245 inventa
2227 2187 2287 2247 sit.

1205 2239 1227 2299 E
1261 2239 1362 2299 Tota
1384 2237 1479 2297 verò
1507 2237 1647 2297 natura
1669 2237 1798 2297 ferulae
1820 2237 1954 2297 similis
1971 2237 2050 2297 est:
2072 2239 2284 2299 graciliore

1269 2290 1374 2350 caule
1392 2290 1491 2350 foliis
1509 2290 1702 2350 foeniculi:
1725 2290 1889 2350 umbella
1912 2290 2041 2350 anethi
2058 2290 2093 2350 in
2111 2290 2286 2350 cacumi¬

1253 2342 1325 2402 ne,
1337 2344 1349 2404 à
1367 2344 1523 2404 singulis
1541 2343 1696 2403 surculis
1714 2342 1954 2402 erumpente:
1972 2342 2068 2402 flore
2086 2344 2206 2404 luteo:
2230 2345 2284 2405 se¬

1252 2394 1365 2454 men
1383 2396 1495 2456 quale
1514 2396 1668 2456 ferulae,
1686 2396 1953 2456 latiusculum,
1976 2396 2042 2456 sed
2066 2396 2273 2456 aliquantò

1272 2447 1423 2507 minus:
1446 2449 1551 2509 radix
1575 2449 1668 2509 foris
1685 2449 1813 2509 nigra,
1831 2449 1935 2509 intùs
1952 2449 2133 2509 candida,
2145 2451 2278 2511 longa,

1259 2500 1375 2560 acris,
1386 2501 1563 2561 crassiore
1585 2501 1685 2561 libro
1702 2501 1851 2561 vestita.
1857 2501 1895 2561 *
1906 2501 2006 2561 Tam
2034 2501 2161 2561 cortex
2188 2501 2299 2561 radi¬

1264 2552 1341 2612 cis,
1352 2554 1472 2614 quam
1489 2554 1621 2614 succus
1642 2554 1845 2614 purgandi
1867 2554 1955 2614 vim
1977 2554 2152 2614 habent,
2168 2554 2207 2614 &
2224 2554 2283 2614 la¬

1258 2604 1369 2664 cteus
1391 2606 1518 2666 succus
1534 2608 1573 2668 in
1590 2608 1689 2668 aqua
1711 2608 1821 2668 mulsa
1843 2606 1981 2666 potus:
1993 2606 2081 2666 nam
2103 2606 2285 2666 utrinque

1271 2659 1381 2719 bilem
1403 2660 1623 2720 extrahunt.
1634 2660 1788 2720 Radicis
1804 2659 1969 2719 modus,
1991 2659 2167 2719 quaterni
2189 2660 2293 2720 obo¬

1266 2711 1310 2771 li,
1321 2713 1402 2773 cum
1424 2713 1539 2773 tribus
1560 2713 1708 2773 seminis
1724 2711 1855 2771 anethi
1877 2711 2084 2771 drachmis:
2101 2711 2193 2771 succi
2210 2711 2291 2771 ter¬

1212 2767 1234 2827 F
1267 2767 1312 2827 ni
1328 2765 1462 2825 oboli:
1473 2765 1579 2825 lactis
1602 2764 1747 2824 obolus
1763 2764 1892 2824 unus:
1914 2764 2026 2824 quod
2042 2764 2087 2824 eo
2109 2764 2276 2824 ampliùs

1259 2816 1493 2876 assumitur,
1510 2818 1767 2878 periculosum
1790 2816 1853 2876 est.
1870 2816 2122 2876 Hujusmodi
2145 2816 2282 2876 purga¬

1265 2871 1319 2931 tio
1340 2870 1520 2930 convenit
1536 2870 1759 2930 suspiriosis,
1770 2870 1803 2930 &
1819 2870 2004 2930 diuturnis
2025 2869 2183 2929 laterum
2200 2868 2281 2928 do¬

1258 2923 1429 2983 loribus,
1446 2923 1833 2983 rejectionibusque:
1844 2923 1952 2983 datur
1969 2923 2004 2983 in
2021 2923 2123 2983 cibis,
2134 2923 2192 2983 aut
2209 2921 2282 2981 ob¬

1250 2975 1413 3035 sonio,
1436 2975 1576 3035 quibus
1599 2975 1750 3035 difficile
1774 2974 1814 3034 sit
1825 2974 2006 3034 vomere.
2035 2975 2128 3035 Tam
2151 2977 2290 3037 radix,

1275 3029 1394 3089 quàm
1411 3029 1541 3089 succus
1564 3028 1749 3088 omnium
1765 3028 1956 3088 maximè,
1972 3028 2060 3088 quae
2076 3029 2180 3089 pares
2201 3029 2288 3089 cum

1275 3082 1326 3142 eis
1343 3082 1434 3142 vires
1457 3082 1599 3142 adepta
1616 3082 1724 3142 sunt,
1741 3082 1821 3142 vim
1843 3082 1991 3142 habent
2008 3082 2281 3142 extractoriam

1272 3136 1311 3196 ex
1333 3136 1439 3196 alto,
1456 3136 1523 3196 ubi
1546 3134 1590 3194 ex
1607 3134 1685 3194 imo
1708 3134 1847 3194 aliquid
1870 3134 2121 3194 evocandum
2144 3135 2205 3195 est,
2221 3137 2289 3197 aut

1263 3188 1471 3248 meatuum
1488 3187 1619 3247 laxitas
1641 3187 1713 3247 aliò
1729 3187 1834 3247 trans
1839 3187 2004 3247 ferenda
2026 3187 2087 3247 est:
2098 3187 2197 3247 unde
2213 3187 2289 3247 suc¬

1259 3242 1330 3302 cus
1348 3241 1542 3301 illitione,
1560 3241 1624 3301 aut
1642 3241 1748 3301 radix
1766 3239 1896 3299 recens
1913 3239 2066 3299 affrictu
2091 3238 2302 3298 alopecias.

1264 3293 1445 3353 explent.
1456 3293 1592 3353 Radix,
1604 3293 1812 3353 succusque
1828 3293 1916 3353 cum
1937 3293 2053 3353 aequis
2075 3292 2184 3352 cerae,
2195 3290 2288 3350 thu¬

1254 3349 1354 3409 risque
1368 3349 1643 3409 portionibus,
1657 3349 1845 3409 sugillata,
1852 3349 2046 3409 livoresque
2059 3347 2215 3407 tolluni:
2228 3345 2301 3405 sed
