2479 3508
281 92 344 152 15
369 100 396 160 1

839 89 1247 149 Antidotarii
1272 89 1539 149 specialis
1578 89 1717 149 Lib.
1743 91 1793 151 I.

2166 95 2313 155 152

253 163 1260 220 non plus binis horis dimittantur. locus deinde
242 209 1247 267 aqua maris calida foveatur. Vitia cutis in facie
247 267 1263 325 emendat, cum melle illitus succus: lepras tollit:
250 310 1251 376 tubercula discutit, perunctus cum sulphure. In
245 360 1248 422 diuturnis pulmonum, laterum, pedum, articulo¬
245 414 1248 478 rumque valetudinibus utiliter illinitur. Valet ad
242 465 1257 541 integendam colis glandem iis, qui natura, non
247 514 1260 579 circumcisione curti sunt: tumorem enim excitat,
251 576 1257 642 qui pinguium fotu emollitus, praeputii jacturam
251 618 666 703 resarcit. Dioscorides.
441 675 1052 789 De foliis frigidis in primo.
295 761 1243 839 ATRIPLEX (Germ. Milten. Gall. Des Arroches,
240 826 1248 889 ou des bonnes Dames. Ital. Arnola trapese, reppese.
246 880 1244 943 Hispan. Los Armuelles yerua.) cognitum olus est.
238 934 1248 995 Duo ejus genera, sylvestre & sativum. Sativum
256 984 1242 1050 passim in hortis gignitur. Floret mense Junio &
250 1035 1249 1095 Julio. Coctum estur, ut olus:* alvum mollit.
237 1085 1250 1150 Panos discutit, sive crudum, sive coctum illina¬
237 1137 1247 1218 tur. Semen cum aqua mulsa potum, regium mor¬
247 1186 645 1256 bum sanat. Dioscor.
286 1228 1241 1305 FUMUS TERRAE, seu FUMARIA (German.
242 1286 1248 1351 Erdrauch / Daubentropff. Gall. Fumeterre, ou pied de
238 1339 1239 1401 Geline.) fruticosa herbula est, praeterea corian¬
241 1400 1239 1460 dro similis: foliis candidioribus, undique nume¬
234 1444 1240 1506 rosis, cineracei coloris: flore purpureo. Nasci¬
246 1492 1254 1565 tur passim in hortis & campestribus. Colligitur
242 1548 1245 1604 in Vere & autumno. Conservatur per annum.
240 1599 1240 1660 * Hujus succus acris est: claritatem facit oculis,
245 1651 1253 1715 delacrymationemque, unde nomen traxit. Illi¬
229 1703 1258 1760 tus cum gummi evulsas palpebras renasci pro¬
232 1759 368 1819 hibet.
391 1762 743 1822 Commanducata
766 1760 908 1820 herba,
931 1759 1107 1819 biliosam
1129 1759 1243 1819 trahit

249 1811 417 1871 urinam.
433 1811 649 1871 Dioscorides.

282 1862 331 1922 Ex
349 1862 552 1922 generibus
568 1862 722 1922 rumicis
739 1861 1096 1921 OXYLAPATHUM
1119 1861 1245 1921 vocant.

247 1911 439 1971 German.
449 1913 662 1973 Grindwurtz
683 1913 689 1973 /
704 1913 937 1973 Streiffwurtz
953 1912 959 1972 /
979 1912 1218 1972 Mengelwurtz
1223 1913 1239 1973 /

240 1963 507 2023 Wildampffer.
518 1964 620 2024 Gall.
630 1963 678 2023 De
694 1963 726 2023 la
743 1963 892 2023 Parelle,
908 1963 945 2023 ou
961 1963 999 2023 de
1015 1963 1052 2023 la
1068 1963 1239 2023 Pacience.

232 2014 356 2074 quod
372 2015 408 2075 in
424 2015 574 2075 acutum
590 2015 725 2075 tendit,
736 2015 813 2075 duo
833 2015 974 2075 habens
1000 2015 1182 2075 extrema,
1197 2015 1233 2075 in

247 2066 473 2126 palustribus
491 2068 662 2128 nascens.
675 2068 772 2128 Alius
796 2068 840 2128 est
858 2068 1004 2128 sativus,
1017 2068 1066 2128 illi
1084 2068 1243 2128 dissimi¬

237 2119 306 2179 lis.
325 2119 494 2179 Tertium
507 2120 626 2180 genus
645 2119 827 2179 sylvestre,
845 2119 1022 2179 parvum,
1034 2119 1247 2179 plantagini

245 2170 481 2230 proximum,
492 2171 637 2231 humile
658 2171 690 2231 &
707 2170 836 2230 molle,
852 2170 932 2230 Ger.
943 2170 1056 2230 Guter
1072 2171 1238 2231 Heinrich.

247 2223 436 2283 Quartum
459 2224 530 2284 est,
542 2224 655 2284 quod
672 2224 726 2284 alii
749 2222 926 2282 oxalida:
944 2222 1003 2282 alii
1021 2222 1245 2282 anaxyrida,

239 2272 307 2332 aut
333 2275 527 2335 lapathon
553 2276 720 2336 vocant.
742 2274 935 2334 German.
956 2273 1060 2333 Saur
1081 2274 1243 2334 ampffer.

245 2326 348 2386 Folia
372 2327 451 2387 ejus
482 2326 646 2386 sylvestri
670 2326 713 2386 ac
737 2325 877 2385 exiguo
901 2324 1041 2384 rumici
1072 2326 1230 2386 similia:

245 2377 348 2437 caule
370 2378 446 2438 non
462 2378 626 2438 magno:
637 2378 773 2438 semine
789 2377 997 2437 subacuto,
1008 2378 1182 2438 rubente,
1198 2380 1236 2440 a¬

233 2428 306 2488 cri,
318 2431 357 2491 in
373 2432 497 2492 caule,
514 2432 548 2492 &
559 2431 705 2491 agnatis
728 2429 1009 2489 appendicibus
1031 2429 1233 2489 emicante.

236 2476 256 2536 *
272 2480 465 2540 Omnium
480 2483 648 2543 decocto
669 2482 768 2542 olere
789 2480 888 2540 alvus
903 2479 1118 2539 emollitur.
1133 2482 1232 2542 Cru¬

234 2531 272 2591 di
288 2534 393 2594 illitu,
410 2534 669 2594 melicerides,
679 2533 833 2593 rosaceo
855 2533 916 2593 aut
932 2533 1043 2593 croco
1064 2533 1236 2593 adjecto,

244 2585 513 2645 discutiuntur.
542 2585 748 2645 Sylvestris
771 2584 812 2644 &
823 2584 1075 2644 oxylapathi,
1098 2584 1138 2644 &
1155 2587 1235 2647 eius

242 2635 356 2695 quam
371 2636 528 2696 oxalida
543 2636 766 2696 nominant,
776 2635 896 2695 semen
917 2635 953 2695 ex
974 2635 1073 2695 aqua
1094 2635 1156 2695 aut
1177 2636 1234 2696 vi¬

242 2686 295 2746 no
317 2687 451 2747 utiliter
478 2687 617 2747 bibitur
638 2687 772 2747 contra
788 2687 1039 2747 dysenterias,
1050 2686 1092 2746 &
1109 2686 1237 2746 coelia¬

237 2740 372 2800 corum
390 2740 578 2800 affectus,
590 2740 783 2800 stomachi
801 2738 965 2798 fastidia,
977 2738 1229 2798 scorpionum

226 2788 345 2848 ictus.
364 2791 484 2851 Quòd
503 2791 522 2851 si
547 2792 623 2852 quis
642 2792 673 2852 in
692 2792 787 2852 potu
812 2791 1027 2851 praesumat,
1046 2789 1140 2849 nihil
1159 2788 1253 2848 mo¬

234 2839 321 2899 lesti
339 2840 374 2900 ex
391 2842 467 2902 ictu
491 2843 660 2903 parietur.
672 2843 829 2903 Radices
853 2843 888 2903 ex
905 2842 1010 2902 aceto
1034 2842 1162 2902 coctae,
1174 2842 1238 2902 aut

240 2891 335 2951 illitae
353 2894 490 2954 crudae,
502 2896 634 2956 lepras,
645 2896 896 2956 impetigines,
908 2896 944 2956 &
956 2894 1152 2954 scabrosos
1171 2893 1236 2953 un¬

239 2940 327 3000 gues
349 2947 569 3007 persanant:
585 2947 646 3007 sed
668 2947 773 3007 antea
789 2945 894 3005 locus
910 2944 1015 3004 aceto
1042 2944 1075 3004 &
1091 2945 1185 3005 nitro
1201 2946 1234 3006 in

237 2994 325 3054 Sole
343 2998 608 3058 perfricandus
625 2999 684 3059 est.
696 2999 855 3059 Pruritus
879 2998 1067 3058 corporis,
1079 2998 1249 3058 decoctum

232 3047 375 3107 earum
391 3049 490 3109 sedat
512 3049 528 3109 si
551 3050 748 3110 foveatur,
770 3050 830 3110 aut
847 3050 880 3110 in
902 3050 995 3110 soliis
1017 3050 1236 3110 balnearum

239 3101 493 3161 confricetur.
504 3101 637 3161 Coctae
648 3101 683 3161 in
700 3101 804 3161 vino,
816 3101 851 3161 &
862 3101 1076 3161 instillatae,
1088 3101 1237 3161 aurium

235 3152 491 3212 dentiumque
513 3152 689 3212 dolorem
712 3152 900 3212 mulcent:
911 3152 1070 3212 strumas
1087 3154 1229 3214 paroti¬

228 3203 347 3263 dasque
363 3205 591 3265 discutiunt:
607 3205 752 3265 lienem
768 3203 851 3263 cum
872 3203 981 3263 aceto
1006 3205 1235 3265 extenuant.

241 3254 366 3314 Aliqui
384 3256 623 3316 amoliendis
646 3256 796 3316 strumis
819 3256 993 3316 radicum
1023 3256 1231 3316 gestamine

234 3307 404 3367 utuntur,
415 3310 468 3370 eas
492 3311 585 3371 collo
603 3311 891 3371 appendentes.
902 3310 1026 3370 Tritae,
1037 3310 1072 3370 &
1089 3310 1230 3370 admo¬

1260 159 2305 223 [A] tae foeminarum profluvia sistunt: cum vino au¬
1308 208 1396 268 tem
1413 209 1534 269 potae,
1550 209 1655 269 regio
1677 209 1815 269 morbo
1831 209 2051 269 medentur,
2068 211 2227 271 calculos
2249 213 2320 273 ve¬

1319 259 1398 319 sicae
1421 261 1709 321 comminuunt,
1721 262 1868 322 menses
1885 262 2004 322 cient,
2015 263 2236 323 scorpionum
2247 265 2332 325 icti¬

1311 310 1386 370 bus
1403 314 1657 374 auxiliantur.
1680 314 2027 374 Hippolapathon
2050 314 2136 374 olus
2165 314 2217 374 est
2235 317 2321 377 ma¬

1313 363 1410 423 gnum,
1427 364 1461 424 in
1478 365 1683 425 paludibus
1700 365 1871 425 nascens.
1894 365 2059 425 Easdem
2083 367 2191 427 habet
2208 368 2316 428 vires,

1319 415 1411 475 quas
1433 417 1537 477 supra
1549 418 1641 478 dicta
1664 418 1813 478 rumicis
1831 418 1981 478 genera.
1992 418 2141 478 Dioscor.

1361 468 1535 528 MALVA
1552 470 1756 530 (German.
1768 469 1936 529 Pappetn.
1948 469 2050 529 Gall.
2062 469 2224 529 Maulue.
2236 470 2319 530 Ital.

1315 516 1427 576 Herba
1451 519 1580 579 malua.
1592 520 1739 580 Hispan
1763 520 1804 580 La
1816 520 1974 580 malua.)
1993 520 2152 580 vulgaris
2175 522 2322 582 notitiae

1319 570 1397 630 est:
1415 571 1494 631 ejus
1511 572 1650 632 genera
1668 572 1764 632 duo,
1776 571 1957 631 sylvestris
1981 571 2017 631 &t
2034 571 2161 631 sativa:
2185 575 2317 635 Sativa

1314 621 1480 681 nascitur
1503 623 1639 683 passim
1663 623 1699 683 in
1716 622 1852 682 hortis.
1870 622 2065 682 Sylvestris
2088 624 2213 684 autem
2230 627 2325 687 locis

1265 674 1294 734 B
1323 674 1486 734 incultis,
1498 674 1701 734 pinguibus
1725 674 1957 734 potissimum
1981 674 2015 734 &
2028 676 2208 736 humidis.
2220 677 2318 737 Col¬

1312 724 1437 784 ligitur
1459 726 1552 786 Vere
1579 727 1617 787 &
1634 727 1851 787 autumno.
1884 727 2151 787 Conservatur
2172 728 2238 788 per
2259 729 2330 789 an¬

1318 775 1432 835 num.
1444 778 1570 838 Malva
1588 779 1696 839 sativa
1719 778 1786 838 esui
1803 778 1918 838 longè
1942 778 2061 838 aptior
2086 778 2127 838 est
2145 779 2319 839 sylvestri.

1315 824 1332 884 *
1349 828 1562 888 Stomacho
1585 830 1815 890 adversatur:
1832 829 1958 889 alvum
1976 829 2102 889 juvat,
2114 830 2171 890 sed
2194 832 2315 892 multò

1309 877 1443 937 magis
1460 880 1599 940 caules:
1617 881 1835 941 interaneis,
1846 881 1880 941 &
1891 881 2020 941 vesicae
2043 882 2155 942 utilis.
2182 883 2317 943 Cruda

1319 931 1413 991 folia
1436 931 1519 991 cum
1536 931 1614 991 salis
1631 931 1770 991 exiguo
1787 932 2049 992 manducata,
2066 934 2250 994 aegilopas
2266 935 2305 995 ex

1316 981 1428 1041 melle
1456 983 1617 1043 sanant:
1638 985 1777 1045 verùm
1804 985 1896 1045 cùm
1922 985 2137 1045 cicatricem
2159 985 2314 1045 trahere

1315 1036 1530 1096 coeperint,
1556 1037 1593 1097 ea
1614 1036 1772 1096 demum
1798 1036 1882 1096 citra
1904 1036 2014 1096 salem
2035 1036 2229 1096 utendum
2251 1039 2318 1099 est.

1319 1085 1463 1145 Contra
1481 1087 1676 1147 aculeatos
1698 1088 1810 1148 apum
1827 1087 2100 1147 vesparumque
2117 1087 2229 1147 ictus,
2240 1088 2306 1148 illi¬

1307 1133 1341 1193 ta
1358 1136 1491 1196 efficax
1514 1139 1572 1199 est:
1583 1139 1715 1199 eadem
1733 1139 1848 1199 cruda
1865 1139 1951 1199 cum
1969 1139 2055 1199 oleo
2073 1139 2153 1199 trita
2176 1140 2308 1200 perun¬

1261 1190 1282 1250 C
1309 1190 1363 1250 cti
1380 1190 1456 1250 non
1472 1190 1672 1250 feriuntur:
1688 1190 1808 1250 ulcera
1829 1192 2019 1252 manantia
2036 1192 2068 1252 in
2084 1192 2220 1252 capite,
2231 1191 2312 1251 fur¬

1314 1241 1499 1301 furesque
1516 1243 1600 1303 cum
1617 1243 1718 1303 urina
1741 1243 1858 1303 sanat.
1869 1243 1982 1303 Sacris
1999 1243 2168 1303 ignibus,
2184 1243 2223 1303 &
2234 1243 2319 1303 am¬

1315 1290 1427 1350 bustis
1450 1294 1614 1354 decocta
1636 1295 1749 1355 folia,
1766 1294 1935 1354 tritaque
1952 1294 2138 1354 utilissimè
2160 1294 2200 1354 ex
2217 1295 2307 1355 oleo

1308 1345 1588 1405 imponuntur.
1610 1346 1698 1406 Ejus
1720 1346 1929 1406 decoctum
1956 1346 2082 1406 vulvas
2105 1346 2313 1406 insessione

1308 1396 1451 1456 mollit:
1467 1397 1621 1457 prodest
1637 1397 1878 1457 erosionibus
1900 1397 2043 1457 vesicae,
2059 1397 2097 1457 &
2108 1397 2316 1457 intestino¬

1309 1446 1406 1506 rum,
1418 1448 1547 1508 vulvae,
1553 1450 1699 1510 sedisque,
1712 1450 1858 1510 clystere
1876 1448 2054 1508 infusum.
2066 1448 2127 1508 Jus
2151 1450 2304 1510 decoctę

1308 1497 1392 1557 cum
1407 1501 1533 1561 radice
1549 1502 1623 1562 sua,
1633 1502 1764 1562 contra
1780 1501 1911 1561 omnia
1927 1501 2074 1561 venena
2094 1501 2309 1561 auxiliatur,

1311 1549 1342 1609 si
1358 1551 1544 1611 continuò
1565 1553 1581 1613 à
1598 1553 1778 1613 bibentib.
1789 1553 2022 1613 revomatur.
2044 1552 2192 1612 Contra
2208 1552 2309 1612 pha¬

1309 1602 1532 1662 langiorum
1548 1604 1697 1664 morsus
1718 1604 1888 1664 remedio
1915 1603 1984 1663 est:
2000 1603 2053 1663 lac
2069 1603 2218 1663 evocat.
2244 1604 2313 1664 Se¬

1307 1653 1397 1713 men
1421 1654 1456 1714 in
1468 1654 1558 1714 vino
1583 1655 1732 1715 potum,
1750 1655 1882 1715 addito
1905 1654 1977 1714 loti
1995 1654 2175 1714 sylvestris
2198 1655 2306 1715 semi¬

1258 1700 2007 1759 [D] ne, vesicae cruciatus lenit. Dioscor.
1370 1756 1556 1816 MIRTUS
1580 1759 1837 1819 (Germanicè
1862 1758 2131 1818 Myrtenbaum.
2149 1757 2251 1817 Gall.
2263 1757 2311 1817 Vn

1315 1804 1411 1864 arbre
1440 1807 1570 1867 appellé
1599 1810 1752 1870 Meuric.
1763 1810 1849 1870 Ital.
1861 1810 1991 1870 Myrto.
2008 1810 2213 1870 Hispanicè
2242 1810 2315 1870 Ar¬

1303 1856 1375 1916 raih
1391 1857 1425 1917 an
1441 1858 1568 1918 morisco
1578 1859 1644 1919 que
1666 1861 1694 1921 se
1711 1861 1843 1921 labra.)
1864 1861 1975 1921 arbor
1991 1861 2172 1921 frequens
2189 1861 2217 1921 in
2233 1861 2310 1921 Ita¬

1301 1909 1351 1969 lia
1373 1912 1553 1972 nascitur.
1581 1912 1705 1972 Cujus
1733 1913 1812 1973 duo
1829 1912 1986 1972 genera:
1997 1913 2171 1973 sativum,
2188 1913 2306 1973 quod

1296 1960 1336 2020 in
1359 1963 1571 2023 candidum
1595 1964 1629 2024 &
1646 1964 1802 2024 nigrum
1825 1963 2032 2023 dividitur:
2049 1963 2089 2023 &
2113 1964 2302 2024 sylvestre,

1315 2013 1393 2073 quo
1421 2015 1589 2075 universa
1617 2017 1690 2077 ferè
1713 2017 1897 2077 Tyrrheni
1920 2017 2032 2077 litora
2054 2015 2245 2075 virescunt
2267 2017 2306 2077 ac

1307 2065 1508 2125 redolent.
1530 2068 1670 2128 Sativae
1697 2069 1737 2129 in
1759 2069 1916 2129 arbores
1932 2069 2044 2129 facilè
2067 2068 2307 2128 adolescunt,

1309 2116 1424 2176 ramis
1451 2119 1643 2179 flexilibus
1665 2120 1703 2180 ac
1720 2120 1857 2180 lentis:
1873 2119 1994 2179 rubro
2016 2119 2186 2179 cortice:
2203 2119 2312 2179 foliis

1309 2170 1578 2230 longiusculis,
1602 2173 1877 2233 perpetuoque
1895 2171 2128 2231 virentibus,
2146 2171 2307 2231 punicae

1310 2221 1470 2281 aemulis:
1487 2222 1710 2282 quanquam
1733 2224 1767 2284 in
1796 2224 1905 2284 nigris
1927 2224 2117 2284 nigriora,
2128 2224 2162 2284 in
2179 2222 2316 2282 candi¬

1303 2270 1362 2330 dis
1380 2273 1610 2333 candidiora
1627 2276 1869 2336 spectantur:
1881 2275 2005 2335 Flores
2028 2274 2205 2334 omnibus
2223 2273 2311 2333 insi¬

1304 2324 1400 2384 dent
1418 2326 1583 2386 candidi,
1595 2327 1766 2387 odorati:
1778 2327 1949 2387 ideoque
1972 2326 2075 2386 aqua
2092 2326 2132 2386 ex
2149 2325 2189 2385 iis
2206 2323 2303 2383 con¬

1305 2377 1406 2437 fecta
1428 2377 1563 2437 odoris
1591 2378 1771 2438 suavitate
1799 2378 2063 2438 unguentaiis
2096 2377 2309 2437 plurimùm

1306 2428 1508 2488 expetitur.
1542 2429 1756 2489 Sativarum
1784 2431 1987 2491 utrunque
2009 2429 2133 2489 genus
2161 2426 2302 2486 baccas

1308 2480 1375 2540 fert
1392 2480 1604 2540 oblongas,
1627 2480 1789 2540 agrestes
1806 2481 1907 2541 oleas
1941 2480 2210 2540 quadantenus
2238 2477 2305 2537 re¬

1307 2533 1483 2593 ferentes,
1499 2533 1615 2593 multò
1637 2533 1714 2593 sanè
1736 2533 1973 2593 sylvestribus
1994 2533 2176 2593 majores.
2198 2530 2302 2590 Inter

1307 2583 1494 2643 sylvestres
1518 2585 1600 2645 alba
1624 2587 1747 2647 quoque
1765 2587 1794 2647 &
1812 2587 1917 2647 nigra
1940 2586 2146 2646 reperitur,
2163 2582 2311 2642 quem¬

1303 2635 1523 2695 admodum
1544 2636 1579 2696 &
1590 2636 1688 2696 inter
1703 2638 1887 2698 urbanas.
1913 2638 2036 2698 Myrti
2051 2636 2205 2696 montes
2221 2635 2303 2695 non

1294 2686 1455 2746 amant,
1472 2687 1565 2747 quin
1588 2689 1622 2749 &
1639 2689 1807 2749 frigidos
1824 2689 1951 2749 odere
1969 2688 2147 2748 tractus:
2164 2687 2303 2747 tamen

1311 2740 1394 2800 cùm
1411 2740 1450 2800 in
1466 2740 1777 2800 mediterraneis,
1794 2741 1933 2801 nempe
1950 2741 1983 2801 in
2000 2740 2139 2800 hortis,
2156 2738 2300 2798 virida¬

1300 2791 1378 2851 riis,
1384 2792 1518 2852 vinetis
1541 2792 1574 2852 &
1591 2792 1731 2852 campis
1748 2792 1916 2852 maximè
1938 2791 2190 2851 proveniunt,
2212 2791 2302 2851 tum

1302 2840 1337 2900 in
1360 2843 1552 2903 maritimis
1576 2845 1785 2905 praecipuè,
1803 2845 1884 2905 atque
1896 2843 2059 2903 amoenis
2077 2842 2298 2902 stagnorum

1307 2893 1344 2953 &
1360 2893 1510 2953 lacuum
1532 2894 1617 2954 ripis
1638 2894 1649 2954 à
1670 2895 1804 2955 natura
1820 2895 1927 2955 nullo
1943 2894 2071 2954 studio
2098 2894 2221 2954 editae,
2236 2894 2311 2954 mi¬

1307 2945 1409 3005 rificè
1426 2947 1659 3007 proficiunt,
1677 2948 1870 3008 vitamque
1887 2947 2012 3007 laetam
2029 2945 2166 3005 agunt.
2189 2944 2308 3004 Myr¬

1307 2998 1357 3058 tus
1379 2998 1485 3058 sativa
1508 2998 1609 3058 nigra
1631 2999 1754 3059 utilior
1771 2999 1816 3059 est
1839 2999 2063 3059 Medicinae,
2074 2998 2191 3058 quàm
2213 2996 2303 3056 can¬

1308 3050 1428 3110 dida,
1446 3050 1488 3110 &
1500 3050 1536 3110 in
1554 3050 1626 3110 hoc
1644 3049 1782 3109 genere
1800 3049 1919 3109 multò
1944 3049 2063 3109 magis
2088 3049 2309 3109 montana:

1306 3100 1434 3160 semen
1458 3101 1586 3161 tamen
1621 3101 1842 3161 imbecillius
1871 3100 1982 3160 parit.
2005 3100 2035 3160 *
2052 3100 2122 3160 Vis
2145 3101 2181 3161 &
2198 3102 2308 3162 myr¬

1296 3152 1338 3212 ti,
1356 3152 1399 3212 &
1417 3152 1591 3212 seminis,
1609 3152 1802 3212 astringit.
1832 3152 1976 3212 Semen
1994 3153 2115 3213 viride
2139 3154 2204 3214 aut
2229 3154 2307 3214 ari¬

1307 3203 1397 3263 dum
1414 3203 1449 3263 in
1466 3203 1552 3263 cibo
1569 3203 1694 3263 datur.
1705 3205 1934 3265 sanguinem
1956 3206 2247 3266 excreantibus,
2264 3208 2309 3268 &

1299 3256 1431 3316 vesicae
1459 3256 1722 3316 erosionibus.
1750 3256 1899 3316 Succus
1927 3256 2139 3316 virentibus
2173 3257 2304 3317 baccis

1305 3310 1512 3370 expressus,
1532 3311 1688 3371 eosdem
1714 3311 1869 3371 effectus
1890 3311 2071 3371 exhibet:
2091 3311 2305 3371 stomacho

2241 3365 2279 3425 is
