2479 3508
198 83 369 185 153.
607 69 1867 179 De Foliis frigidis in gradu secundo.
2110 75 2256 189 154
200 134 1251 229 utilis, urinam cit, prodest contra phalangii mor¬
203 220 1191 292 sum, & scorpionis ictus, in mero. Seminis de¬
200 273 1193 341 coctum capillum tingit. lus decocti in vino ul¬
203 319 1186 380 cera in extremis membris nata sanat: oculorum
200 382 1191 442 inflammationes illitum cum polline polentae
189 423 1200 490 lenit: contra aegilopas illinitur: crapulam arcet
206 476 1189 553 praesumptum vinum; quod fervefacto aliquan¬
203 531 1199 597 tùm ejus semine exprimatur: aliàs enim acorem
200 578 1188 644 contraheret. Praestat idem seminis effectus: uti¬
209 624 1199 688 le procidentiae vulvarum in desessionibus, sedis
206 671 1246 753 vitiis, & foeminis fluxione vulvae laborantibus: P
214 732 1202 803 purgat furfures, ulcera capitis manantia, atque
206 782 1199 837 eruptiones papularum: fluentes capillos conti¬
206 831 1194 892 net. Additur quoque in medicamenta, quas li¬
212 881 1205 955 paras vocant, uti oleum, quod ex soliis ejus fa¬
206 936 1202 998 ctum est. Decoctum foliorum ad defessiones
214 988 1202 1045 balnearum convenit, & contra laxatos artus, &
206 1034 1202 1111 malè solidescentes: eo fracta ferruminationi re¬
226 1098 1188 1163 pugnantia utilissimè foventur: vitiliginem emen
212 1139 1200 1204 dat, purulentis auribus infunditur, & capillos
215 1177 1248 1279 denigrat. Succus eorum eadem efficit. Trita fo¬
211 1240 1202 1310 lia, & ex aqua illita humidis ulceribus, & parti¬
212 1295 1205 1362 bus omnibus fluxione laborantibus, coeliacisque
223 1350 1199 1417 prosunt: & admisto omphacino oleo, aut exi¬
223 1392 1204 1471 guo rosaceo cum vino, ad ulcera serpentia, i¬
247 1447 1204 1496 pnem sacrum, testium inflammationes, epiny¬
223 1499 1205 1563 ctidas, & condylomata. Arentium foliorum fa¬
217 1549 1210 1617 rina utiliter inspergitur paronychiis, pterygiis, &
223 1598 1208 1666 contra alarum, feminumque perfusiones: cardia¬
220 1653 1218 1716 corum sudores cohibet. Folia cruda, seu crema¬
217 1697 1262 1779 ta cum cerato, ambustis, paronychiis, pterygiisque
223 1758 1215 1823 medentur. Exprimitur foliis succus, adfuso ve¬
223 1816 1210 1879 tere vino, aut aqua coelesti, cujus recentis usus
226 1857 1218 1915 est: nam exiccatus planè cariem sentit, & vires a¬
217 1907 1202 1964 mittit. Myrtidanum dicitur, adnatum inaequa¬
217 1964 1219 2039 bile, verrucosum, intumescensque, & concolor:
226 2011 1218 2083 quod perinde quasi manus, myrti caudicem am¬
242 2058 1215 2135 plectitur, coactumque in pastillos siccatur in um¬
233 2115 1215 2178 bra: multò efficacius & folio, & semine, cerato,
239 2170 1215 2241 pessis, insessionibus, cataplasmatis admistum.
229 2193 1266 2281 ubi adstringendum aliquid est. Dioscorides, &
233 2272 468 2347 Matthiolus.
286 2278 1211 2377 PARIETARIA (German. Tag vnd nacht/ Sant
245 2368 1215 2439 Petero kraut / oder Glaßkraut: Gall. Parietaire. Ital.
228 2418 1218 2481 Parietaria. Hispan. Albaracha de rio, ò yerva de
239 2475 1221 2538 vidrio. Graecis Helxine dicitur) nascitur in pa¬
223 2520 1222 2591 rietinis, sepibus & maceriis. Julio mense floret.
242 2569 1218 2644 Folia ei mercurialis insunt, hirsuta: cauliculi sub¬
242 2619 1216 2692 rubentes, & circa eos veluti semina aspera, ad¬
229 2671 1215 2747 haerentia vestibus. * Folia refrigerandi, spissan¬
247 2723 1262 2789 dique naturam habent: qua ex causa sanant illi¬
250 2775 1218 2842 tu sacros ignes, adusta condylomata, panos in¬
242 2828 1218 2893 cipientes, tumores, inflammationesque. Suc¬
266 2880 1221 2943 cus ejus cum cerussa ignibus sacris, e ulceribus
247 2927 1222 3006 quae serpunt, commodè illinitur: imponiturque
245 2982 1222 3062 podagris cum hircino adipe, aut cerato cypri¬
264 3028 1211 3099 no: veterem tussim emendat, instar cyathi hau¬
253 3084 1219 3168 stus, tonsillis inflammationem sentientibus uti¬
311 3133 1160 3223 liter & gargarizatur, & oblinitur: aurium
412 3190 1073 3281 dolorem cum rosaceo instillatus
564 3241 910 3322 levat. Dioscorides.
1444 156 2065 261 [A] De foliis frigidis in secundo.
1317 226 2255 319 BLITUM (Germ. Maier. Gall. De la Blete. Ital.
1262 306 2258 369 Liedoni, Blito. Hispan. Beedos.) duorum est gene¬
1262 358 2258 416 rum, rubrum & album. Utrunque notum, in hor¬
1265 410 2247 475 tis & campis nascens. Floret aestate, & autumno,
1262 459 2244 531 semineque praegnans est. Rubro caulis & folia a¬
1265 508 2253 577 deò rubescunt, ut coccineo colore infecta videan¬
1262 561 2253 622 tur, etsi temporis tractu tandem purpurescant. Folia
1262 613 2258 677 amaranthum referunt, sicut etiam caulis. Quin
1271 669 2253 726 [B] & radix sanguineo succo madet. Album prove¬
1268 715 2253 773 nit iisdem foliis, latioribus tamen, & colore sub¬
1271 764 2247 825 albidis. Flores & semen racematim cohaerentes,
1271 815 2253 899 tenuibus insident ramusculis, ex alarum cavis
1281 867 2250 936 prodeuntibus panicularum effigie, sylvestris
1287 921 2253 985 panici modo.* Olus est esculentum, humidae
1274 966 2263 1037 frigidaeque temperaturae, in secundo maximè
1274 1021 1673 1103 excessu. Matthiolus.
1328 1037 2256 1128 CHONDRILLA sylvestris cichorii species ni¬
1277 1119 2259 1188 mirum est: gracilioribus tamen foliis, caule, flo¬
1274 1169 2256 1229 [C] ribus, ac semine. Nascitur in locis cultis, scro¬
1268 1221 2264 1285 bium aggeribus, & secus vias. In hujus ramulis,
1284 1274 2266 1348 gummi masticis simillimum, magnitudine fabae
1268 1328 2267 1389 inveniri solet: * quod cum myrrha tritum, &
1274 1370 2259 1438 linteo appositum instar olivae, foeminarum men¬
1274 1424 2266 1488 ses trahit. Tusa cum radicibus herba, adjecto
1277 1477 2259 1541 melle dividitur in pastillos; qui nitro admisti vi¬
1274 1526 2266 1606 tiligines emaculant. Cummi inordinatos pilos
1287 1581 2267 1642 replicat. Quod item tenera radix efficit, si intin¬
1281 1628 2266 1700 cta succo acus pilis admoveatur: contra viperas
1281 1691 2272 1752 [D] in vino pota proficit. Succus decoctae, in vino,
1281 1735 2263 1801 aut per se potus, alvum sistit. Aliud habetur chon¬
1284 1782 2267 1856 drillae genus, folium ferens oblongum, circum¬
1290 1831 2266 1893 rosum, humi sparsum: caulem succo madentem
1281 1882 2269 1945 lacteo: radice tenui, rotunda, laevi, vegeta, flave¬
1284 1945 2269 2005 scente, succosa: cujus & caulis, & folia, conco¬
1281 1984 2266 2068 quendi vim habent. Succus incommodos palpe¬
1287 2039 2181 2124 brarum pilos reflectit. Dioscor. & Matthiolus.
1340 2077 2274 2164 LACTUCA sativa (German. Lattich. Gall. Lai¬
1293 2138 2270 2200 ctue. Ital. Lattuca. Hispan. Lechuga.) omnium her¬
1285 2189 2275 2270 [E] barum vulgò notissima est:* cui natura refrige¬
1293 2242 2280 2313 tatrix inest, stomacho grata: somnum conciliat,
1281 2292 2270 2360 alvum emollit, lac evocat: verùm decocta ma¬
1293 2347 2270 2420 gis alit. Stomachicis illotas esse prodest. Epo¬
1287 2401 2280 2467 tum semen, assiduas libidinum imaginationes
1295 2445 2270 2520 in summo compescit, & Veneri refragatur. Ipsae
1298 2501 2278 2561 verò frequentiores in cibo, claritati oculorum
1295 2547 2275 2619 officiunt: inflammationibus, & ignibus sacris
1287 2596 2277 2670 opitulantur. Muria condiuntur. Cum in caulem
1293 2649 2277 2725 exierunt, vim quandam nanciscuntur succo, aut
1293 2699 2283 2783 [F] lacti sylvestris lactucae similem. Sylvestris lactuca
1295 2754 2285 2830 sativae similis est: sed longior caulis, & candidio¬
1298 2817 2280 2875 ra folia, graciliora, & aspetiora. Nascitur in cam¬
1298 2861 2280 2934 pestribus. Amaro gustu est & viribus aliquan¬
1293 2915 2283 2985 tum papaveri similis: unde lacteum ejus succum
1287 2962 2278 3028 aliqui meconio permiscuerunt. Aquam per al¬
1293 3009 2291 3094 vum elicit, potus in aceto mulso succus ad duos
1293 3061 2289 3141 obolos, argema, caliginemque repurgat: contra
1287 3122 2289 3185 adustiones efficaciter illinitur, cum lacte mulie¬
1290 3163 2288 3237 rum. In summa, somnum allicit, doloris levamen¬
1266 3212 2285 3295 tum praestat, menses trahit: contra scorpionum
1281 3268 2291 3364 & phalangiorum ictus bibitur. Semen non ali¬
