2479 3508
298 107 431 167 155

874 89 1281 149 Antidotarii
1307 89 1569 149 spencialis
1608 89 1752 149 Lib.
1765 91 1830 151 I.

2206 89 2333 149 156

289 164 349 224 ter
368 163 483 223 quam
496 161 630 221 sativae,
642 158 801 218 libidinum
813 157 1111 217 imaginationes
1130 157 1166 217 in
1178 157 1283 217 som¬

287 217 345 277 no
362 214 559 274 amolitur,
575 212 618 272 ac
639 211 783 271 Venerem
804 211 916 271 arcet.
926 209 1065 269 Succus
1081 209 1124 269 ad
1145 208 1278 268 eadem

287 268 405 328 valet,
417 265 479 325 sed
498 264 629 324 viribus
653 262 871 322 infirmior.
890 262 1107 322 Reponitur
1126 260 1157 320 in
1175 259 1281 319 fictili

276 319 396 379 movo
418 317 475 377 lac
486 316 589 376 ejus,
606 314 720 374 antea
737 314 771 374 ut
795 313 835 373 in
852 313 926 373 aliis
943 312 1183 372 liquaminib.
1194 310 1279 370 mo¬

294 370 335 430 ris
355 370 416 430 est,
423 367 640 427 insolatum.
668 364 994 424 Florentlactucae
1014 365 1117 425 Julio
1137 365 1273 425 mense,

281 421 370 481 atque
382 418 538 478 subinde
555 416 678 476 semen
695 415 913 475 proferunt.
925 415 1143 475 Dioscorides.

343 470 584 530 IMTYBUS
610 467 731 527 duum
756 467 940 527 generum
959 467 1029 527 est:
1042 468 1239 528 sylvestris,
1252 469 1283 529 &

292 521 497 581 hortensis.
509 520 697 580 Sylvestris
721 518 874 578 quidem
897 518 1056 578 (Germ.
1067 519 1290 579 Wegwarten

283 574 433 634 dicta)
452 571 621 631 dumplex:
645 570 752 630 altera
777 569 895 629 picris,
915 571 996 631 quae
1008 571 1046 631 &
1065 571 1290 631 Cichorium

291 623 478 683 vocatur:
501 622 615 682 altera
638 622 746 682 sativa
768 622 968 682 latioribus
996 622 1093 682 foliis
1121 623 1280 683 constat,

281 675 502 735 stomacho
519 674 639 734 quàm
656 673 844 733 hortensis
861 673 997 733 utilior.
1003 674 1202 734 Hortensis
1219 675 1281 735 ve¬

287 728 337 788 rò
362 726 476 786 (quae
495 724 691 784 Germanis
710 724 861 784 Endivien
880 725 1039 785 dicitur)
1064 725 1197 785 duplex
1222 725 1284 785 ge¬

284 778 398 838 nus:
410 777 479 837 una
498 776 587 836 folio
612 776 745 836 latiore
764 776 909 836 prodit,
921 776 1148 836 lactucarum
1167 775 1281 835 simil¬

291 829 402 889 lima:
420 827 525 887 altera
549 827 760 887 angustiore
783 827 825 887 est
842 827 960 887 folio,
971 827 1006 887 &
1024 827 1130 887 gustu
1147 829 1288 889 amara.

301 880 434 940 Utraque
446 880 629 940 colligitur
647 880 799 940 mense)
811 880 902 940 unio
926 879 957 939 &
969 878 1090 938 Julio,
1103 878 1170 938 quo
1194 878 1267 938 tem

294 932 385 992 pore
407 931 567 991 maximè
588 931 717 991 floret.
732 929 990 989 Conservatur
1006 929 1129 989 autem
1145 929 1209 989 per
1225 931 1289 991 an¬

294 982 407 1042 num.
413 982 431 1042 *
449 982 657 1042 Refrigerat
681 982 711 1042 &
723 982 907 1042 astringit,
919 982 1122 1042 stomacho
1139 982 1283 1042 utilissi¬

280 1033 366 1093 ma:
382 1034 505 1094 alvum
521 1034 607 1094 sistit
629 1034 753 1094 cocta,
769 1034 790 1094 si
812 1033 892 1093 cum
914 1033 1021 1093 aceto
1043 1033 1284 1093 adsumatur.

294 1085 493 1145 Sylvestres
511 1085 711 1145 stomacho
734 1084 940 1144 meliores:
957 1084 1286 1144 quandoquidem

292 1136 514 1196 aestuantem
537 1136 687 1196 ipsum,
710 1135 749 1195 &
760 1135 878 1195 quem
900 1135 1134 1195 imbecillitas
1156 1138 1280 1198 vexet,

295 1189 380 1249 cibo
397 1187 556 1247 leniunt.
579 1187 772 1247 Cardiacis
789 1186 852 1246 per
869 1186 914 1246 se,
931 1186 994 1246 aut
1005 1186 1091 1246 cum
1108 1187 1278 1247 polenta,

282 1239 425 1299 utiliter
442 1238 654 1298 illinuntur:
666 1237 861 1297 podagris,
872 1237 907 1297 &
918 1237 1118 1297 oculorum
1135 1237 1290 1297 inflam¬

280 1290 527 1350 mationibus
544 1289 686 1349 auxilio
703 1288 801 1348 sunt.
818 1288 950 1348 Herba
972 1288 1048 1348 cum
1065 1288 1192 1348 radice
1208 1289 1279 1349 illi¬

294 1345 341 1405 ta,
352 1343 522 1403 percussis
546 1341 558 1401 à
575 1339 774 1399 scorpione
792 1337 974 1397 subvenit:
991 1337 1068 1397 igni
1085 1339 1179 1399 sacro
1202 1340 1284 1400 cum

290 1396 449 1456 polenta
465 1393 656 1453 medetur.
678 1390 815 1450 Succus
842 1390 924 1450 cum
940 1390 1098 1450 cerussa,
1115 1391 1148 1451 &
1159 1394 1285 1454 ateto,

289 1444 386 1504 valet
403 1445 443 1505 ad
460 1444 569 1504 illitus
586 1442 746 1502 eorum,
763 1441 849 1501 quae
861 1441 1193 1501 refrigerationem
1210 1444 1278 1504 de¬

292 1496 480 1556 siderant.
496 1492 716 1552 Dioscorides.

339 1546 671 1606 HYACINTHUS
694 1544 840 1604 (Germ.
846 1546 945 1606 Biaw
963 1546 1109 1606 Mergen
1120 1546 1283 1606 blümldn.

292 1597 436 1657 Gallicè
463 1595 530 1655 Vae
546 1595 707 1655 lacinthe,
718 1595 751 1655 ou
773 1596 895 1656 Vaciet.
923 1597 1006 1657 Ital.
1022 1598 1127 1658 Cipola
1144 1600 1276 1660 canina.

283 1649 448 1709 Hispan.
460 1648 515 1708 Los
533 1648 643 1708 Majos
661 1649 790 1709 flores.)
808 1649 900 1709 folia
918 1649 1029 1709 habet
1053 1649 1175 1709 bulbi:
1194 1648 1273 1708 do¬

293 1701 504 1761 drantalem
521 1700 687 1760 caulem,
704 1699 860 1759 laevem,
882 1700 1048 1760 minimo
1071 1700 1193 1760 digito
1216 1702 1272 1762 te¬

280 1753 478 1813 nuiorem,
488 1751 662 1811 herbacei
677 1750 835 1810 coloris:
850 1750 998 1810 comam
1018 1750 1278 1810 procumben¬

279 1805 383 1865 tem,
394 1804 540 1864 florum
572 1802 860 1862 purpureorum
876 1801 1054 1861 plenam,
1064 1801 1279 1861 incurvam:

283 1855 446 1915 radicem
468 1853 593 1913 quoque
604 1852 843 1912 bulbaceam.
871 1852 1045 1912 Nascitur
1072 1852 1105 1912 in
1121 1853 1268 1913 univer¬

283 1907 366 1967 sum
390 1906 431 1966 in
455 1903 728 1963 campestribus
746 1903 841 1963 inter
864 1903 1000 1963 segetes
1048 1904 1090 1964 &
1107 1904 1143 1964 in
1160 1906 1267 1966 sylvis

284 1955 480 2015 provenit.
497 1954 620 2014 Floret
642 1952 732 2012 cum
743 1952 855 2012 violis
878 1952 973 2012 circa
996 1953 1114 2013 finem
1130 1957 1270 2017 Martii,

284 2008 320 2068 &
338 2007 477 2067 Aprilis
495 2005 658 2065 initium.
664 2003 687 2063 *
712 2003 832 2063 Radix
856 2003 923 2063 (ut
940 2005 1122 2065 creditur)
1152 2008 1272 2068 pueris

289 2059 367 2119 cum
384 2057 474 2117 vino
496 2056 591 2116 albo,
602 2056 698 2116 illita,
709 2056 951 2116 pubertatem
973 2057 1136 2117 coërcet,
1147 2059 1175 2119 &
1192 2060 1270 2120 non

285 2110 424 2170 patitur
446 2108 675 2168 erumpere:
698 2107 787 2167 sistit
815 2108 937 2168 alvum
960 2108 1066 2168 pota,
1077 2109 1111 2169 &
1122 2110 1266 2170 urinam

275 2161 470 2221 impellit:
487 2158 789 2218 phalangiorum
818 2158 1012 2218 morsibus
1046 2161 1268 2221 auxiliatur.

279 2212 418 2272 Semen
440 2211 701 2271 astringentius
718 2210 779 2270 est,
791 2210 958 2270 theriacis
980 2212 1202 2272 expetitum:
1213 2215 1275 2275 re¬

276 2266 384 2326 gium
406 2264 583 2324 morbum
600 2263 788 2323 emendat,
799 2264 880 2324 cum
897 2264 987 2324 vino
1011 2264 1164 2324 potum.
1181 2264 1266 2324 Dio¬

279 2314 442 2374 scorides.

333 2366 525 2426 OXALIS.
540 2366 596 2426 seu
618 2366 804 2426 ACETOS
825 2365 832 2425 A
847 2365 997 2425 (Germ.
1011 2366 1268 2426 Saurampffer.

284 2417 384 2477 Gall.
396 2417 515 2477 Oseille.
526 2416 656 2476 Surelle.
668 2416 750 2476 Ital.
763 2417 910 2477 Acetosa.
922 2417 1028 2477 Hisp.
1046 2417 1259 2477 Azederilla,

276 2467 457 2527 Romaza.)
473 2468 644 2528 duorum
660 2468 703 2528 est
719 2467 917 2527 generum:
938 2467 1056 2527 majus
1071 2468 1259 2528 nimirum,

281 2521 315 2581 &
332 2520 475 2580 minus.
486 2519 544 2579 Illi
561 2519 646 2579 folia
663 2518 743 2578 sunt
760 2518 932 2578 hortensi
950 2519 1092 2579 similia:
1110 2521 1189 2581 huic
1207 2523 1269 2583 ve¬

279 2574 321 2634 rò
352 2572 567 2632 sagittarum
585 2572 717 2632 figura,
735 2572 885 2632 mollia,
897 2572 1017 2632 laevia,
1035 2573 1269 2633 quibusdam

271 2623 394 2683 veluti
411 2623 681 2683 capillamentis
697 2623 989 2683 subrubentibus
1005 2624 1174 2684 inspersa,
1185 2626 1263 2686 suc¬

275 2674 388 2734 cosa,
400 2674 549 2734 foliisque
567 2674 722 2734 majoris
740 2675 925 2735 acidiora.
954 2675 1092 2735 Semen
1115 2675 1258 2735 utrique

276 2725 377 2785 idem
401 2726 657 2786 praeterquam
680 2726 794 2786 quod
817 2726 942 2786 major
966 2726 1097 2786 majus,
1115 2726 1257 2786 minori

266 2777 350 2837 verò
374 2777 512 2837 minus.
530 2777 698 2837 Nascitur
716 2777 752 2837 in
770 2777 890 2837 hortis
908 2777 943 2837 &
955 2779 1087 2839 pratis.
1105 2779 1255 2839 Aestate

272 2827 483 2887 antequam
506 2830 608 2890 prata
631 2830 899 2890 demetantur,
917 2830 1060 2890 omnium
1071 2830 1179 2890 copia
1197 2830 1260 2890 ha¬

264 2878 349 2938 beri
366 2881 502 2941 potest.
513 2879 716 2939 Matthiolus
739 2879 779 2939 &
790 2880 869 2940 alii.

314 2932 605 2992 PLANTAGO,
616 2933 753 2993 Germ.
764 2932 941 2992 Wägrich.
958 2932 1061 2992 Gall.
1078 2933 1260 2993 Plantain.

263 2978 352 3038 Ital.
365 2980 585 3040 Plantagine.
603 2982 764 3042 Hispan.
775 2983 865 3043 verò
894 2984 1025 3044 dicitur
1050 2984 1091 3044 La
1109 2984 1258 3044 Ilanten.

269 3031 356 3091 Duo
380 3032 455 3092 ejus
473 3034 625 3094 genera.
642 3034 794 3094 Minor,
806 3035 940 3095 Germ.
952 3035 1086 3095 Spizer
1098 3034 1255 3094 waͤgrich/

267 3082 360 3142 folia
378 3082 489 3142 habet
507 3083 740 3143 angustiora,
752 3086 909 3146 minora,
921 3088 1114 3148 molliora,
1126 3085 1255 3145 laevio¬

266 3136 300 3196 ra
323 3136 357 3196 &
368 3134 563 3194 tenuiora:
580 3136 757 3196 cauliculo
775 3137 986 3197 anguloso,
1003 3139 1038 3199 in
1055 3139 1186 3199 terram
1203 3139 1260 3199 in¬

267 3185 428 3245 clinato:
450 3187 612 3247 floribus
629 3188 796 3248 pallidis:
818 3190 958 3250 semine
980 3190 1136 3250 summis
1164 3191 1247 3251 cau¬

258 3238 357 3298 libus
373 3238 577 3298 emicante.
603 3239 728 3299 Altera
749 3241 896 3301 major.
911 3242 1095 3302 German.
1111 3242 1257 3302 Breyter

265 3292 404 3352 wäͤgich
410 3292 422 3352 /
434 3293 567 3353 laetior,
585 3295 864 3355 virentiorque,
876 3295 954 3355 latis
979 3295 1154 3355 constans
1178 3295 1245 3355 fo¬

1302 157 1398 217 Alis
1440 155 1610 215 oleracei
1629 155 1798 215 generis:
1822 155 1925 215 cujus
1943 155 2059 215 caulis
2077 155 2185 215 cubiti
2210 155 2343 215 altitu¬

1345 206 1476 266 dinem
1500 208 1619 268 petit,
1637 208 1870 268 angulosus,
1887 206 2090 266 subruber,
2114 208 2125 268 à
2144 208 2275 268 medio
2293 211 2334 271 ad

1343 257 1522 317 verticem
1551 257 1657 317 tenui
1679 257 1820 317 semine
1843 257 2135 317 circumdatus;
2152 260 2342 320 radicibus

1353 308 1478 368 nititur
1495 308 1643 368 teneris,
1654 308 1808 368 hirsutis,
1825 308 2019 368 candidis,
2036 310 2201 370 digitum
2218 312 2343 372 crassi¬

1351 361 1484 421 tudine
1509 361 1776 421 aequantibus.
1789 361 1959 421 Nascitur
1977 361 2014 421 in
2026 362 2233 422 lacunosis,
2252 365 2349 425 sepi¬

1335 411 1434 471 bus,
1446 412 1481 472 &
1492 412 1585 472 locis
1614 412 1801 472 humidis.
1824 412 1964 472 Utraque
1975 412 2098 472 autem
2115 414 2208 474 circa
2225 416 2324 476 seper

1344 466 1520 526 aggeres,
1531 464 1649 524 prata,
1661 464 1690 524 &
1708 463 1883 523 lacunosa
1901 464 2007 524 loca.
2024 464 2154 524 Herba
2177 466 2212 526 &
2224 467 2341 527 flores

1356 514 1391 574 in
1402 515 1536 575 aestatis
1553 515 1675 575 initio,
1686 515 1785 575 Majo
1808 515 1849 575 &
1860 515 1976 575 Junio
1999 517 2202 577 mensibus,
2214 518 2329 578 semen

1354 568 1438 628 verò
1462 568 1626 628 Augusto
1650 566 1808 626 carpitur
1826 566 1965 626 mense.
1978 566 2099 626 Multò
2117 568 2238 628 utilior
2262 571 2335 631 ma¬

1349 619 1418 679 gna
1442 619 1506 679 est.
1517 617 1541 677 *
1552 617 1645 677 Vim
1663 617 1808 677 habent
1831 619 1919 679 folia
1942 620 2233 680 exiccatoriam,
2244 622 2344 682 con¬

1303 670 1587 730 Bestringentem.
1615 670 1726 730 quare
1748 670 1927 730 omnibus
1949 670 2121 730 malignis
2138 673 2338 733 ulceribus.

1348 719 1388 779 &
1405 721 1571 781 fluxioni
1593 724 1845 784 opportunis,
1862 723 1942 783 atque
1953 722 2216 782 elephanticis,
2227 724 2346 784 sordi¬

1353 773 1488 833 disque
1505 773 1592 833 illita
1616 773 1786 833 prosunt:
1803 773 1991 833 profluvia
2014 775 2201 835 sanguinis
2218 775 2335 835 ulcera

1357 823 1439 883 quae
1450 824 1614 884 serpunt,
1625 826 1876 886 epinyctidas,
1888 826 2139 886 carbunculos
2157 827 2337 887 nomasque

1348 875 1551 935 cohibent:
1567 877 1690 937 vetera
1711 877 1861 937 ulcera,
1877 877 1914 937 &
1925 877 2149 937 inaequalia,
2165 880 2336 940 cicatrice

1356 928 1567 988 obducunt:
1584 928 1750 988 chironia
1772 928 1915 988 sapant,
1932 928 2029 988 sinus
2052 929 2337 989 conglutinant:

1356 979 1544 1039 morsibus
1566 979 1689 1039 canis,
1700 979 1878 1039 ambustis
1900 980 1995 1040 igni,
2011 981 2339 1041 inflammationi¬

1348 1031 1438 1091 bus,
1451 1031 1572 1091 panis,
1590 1031 1846 1091 parotidibus,
1858 1031 2021 1091 strumis,
2033 1032 2233 1092 aegilopiis,
2246 1034 2331 1094 illita

1354 1082 1434 1142 cum
1456 1082 1520 1142 sale
1541 1082 1719 1142 prosunt.
1729 1082 1907 1142 Coctum
1923 1082 2003 1142 cum
2019 1082 2132 1142 aceto
2153 1084 2185 1144 &
2201 1084 2266 1144 sale
2293 1085 2341 1145 o¬

1344 1132 1402 1192 lus
1426 1133 1701 1193 dysentericis,
1724 1133 1935 1193 toeliacisque
1952 1135 2122 1195 sumtum
2145 1136 2338 1196 subvenit.

1325 1184 1472 1244 Datur
1499 1186 1531 1246 &
1553 1186 1591 1246 in
1613 1186 1743 1246 locum
1759 1186 1852 1246 betae
1874 1186 1961 1246 cum
1977 1186 2151 1246 lenticula
2179 1187 2331 1247 coctum

1353 1235 1385 1295 &
1401 1235 1448 1295 ad
1470 1237 1608 1297 aquam
1629 1237 1720 1297 inter
1741 1237 1884 1297 cutem,
1900 1238 1958 1298 cui
1975 1238 2335 1298 leucophlegmauae

1348 1288 1490 1348 nomen
1511 1288 1571 1348 est:
1582 1288 1685 1348 datur
1707 1288 1740 1348 &
1756 1288 1865 1348 herba
1886 1289 2039 1349 decocta
2061 1290 2142 1350 post
2164 1291 2284 1351 aridas
2300 1293 2338 1353 e¬

1356 1339 1470 1399 pulas,
1481 1339 1521 1399 sic
1544 1339 1579 1399 ut
1590 1339 1715 1399 media
1733 1340 1943 1400 antecedat,
1955 1340 2218 1400 comitialibus,
2229 1340 2263 1400 &
2275 1342 2337 1402 su¬

1349 1390 1510 1450 spiriosis
1528 1391 1605 1451 data
1630 1391 1797 1451 proficit.
1821 1391 2024 1451 Foliorum
2042 1392 2185 1452 succus,
2197 1395 2328 1455 colluta

1348 1441 1501 1501 subinde
1522 1441 1593 1501 oris
1609 1441 1723 1501 ulcera
1745 1442 1892 1502 putgat:
1908 1442 1990 1502 cum
2011 1442 2174 1502 cimolia,
2191 1444 2251 1504 aut
2272 1445 2332 1505 ce¬

1341 1492 1421 1552 rusa
1439 1492 1514 1552 igni
1533 1492 1626 1552 sacro
1645 1493 1837 1553 medetur:
1849 1493 1980 1553 fistulis
1998 1495 2141 1555 infusus
2160 1495 2333 1555 prodest:

1346 1544 1641 1604 lippitudinibus
1670 1545 1704 1605 &
1721 1546 1869 1606 aurium
1886 1546 2063 1606 dolorib.
2074 1547 2176 1607 idem
2199 1547 2330 1607 succus

1344 1597 1550 1657 instillatur.
1566 1597 1717 1657 additur
1745 1597 1868 1657 quoque
1879 1597 1912 1657 in
1935 1598 2141 1658 oculorum
2158 1600 2325 1660 collyria:

1347 1646 1504 1706 gingivis
1523 1648 1650 1708 cruore
1668 1648 1839 1708 suffusis,
1857 1649 1894 1709 &
1906 1649 2094 1709 sanguinis
2112 1651 2332 1711 rejectioni¬

1302 1699 1409 1759 Dbus
1433 1699 1528 1759 potu
1546 1699 1719 1759 confert:
1731 1700 1879 1760 clystere
1897 1700 2135 1760 dylentericis
2153 1702 2326 1762 infundi¬

1337 1749 1410 1809 tur:
1426 1750 1557 1810 contra
1572 1750 1698 1810 tabem
1719 1751 1823 1811 datur
1844 1751 1875 1811 in
1891 1751 2011 1811 potu:
2027 1752 2199 1812 adversus
2216 1753 2335 1813 stran¬

1338 1799 1561 1859 gulationes
1584 1801 1724 1861 vulvae,
1741 1802 1777 1862 in
1794 1802 1923 1862 vellere
1952 1804 2163 1864 subjicitur,
2186 1805 2332 1865 etiamsi

1338 1849 1444 1909 vulva
1465 1852 1642 1912 fluxione
1663 1853 1829 1913 laboret.
1860 1853 1999 1913 Semen
2020 1853 2058 1913 ex
2074 1855 2164 1915 vino
2186 1856 2331 1916 potum

1341 1902 1413 1962 alvi
1431 1903 1649 1963 fluxiones,
1667 1904 1703 1964 &
1715 1904 1909 1964 sanguinis
1933 1906 2192 1966 excreationes
2217 1909 2325 1969 sistit.

1339 1954 1511 2014 Decocta
1528 1955 1645 2015 radix,
1656 1955 1684 2015 &
1701 1956 1924 2016 manducatu,
1935 1957 1969 2017 &
1985 1957 2219 2017 collutione,
2237 1960 2332 2020 den¬

1337 2004 1434 2064 tium
1451 2006 1605 2066 dolores
1622 2008 1737 2068 sedat:
1754 2008 1886 2068 eadem
1909 2008 1989 2068 cum
2006 2009 2127 2069 foliis,
2138 2011 2327 2071 ulceribus

1334 2058 1493 2118 renum,
1515 2059 1553 2119 &
1564 2059 1696 2119 vesicae
1706 2059 1739 2119 in
1756 2059 1860 2119 passo
1882 2059 2008 2119 datur:
2030 2061 2172 2121 Ferunt
2188 2063 2260 2123 tres
2276 2065 2330 2125 ra¬

1343 2108 1448 2168 dices,
1459 2110 1543 2170 cum
1560 2110 1671 2170 tribus
1693 2110 1766 2170 vini
1783 2110 1950 2170 cyathis,
1966 2111 2000 2171 &
2022 2112 2100 2172 pari
2117 2113 2223 2173 aquae
2240 2116 2323 2176 mo¬

1325 2159 1414 2219 do,
1437 2161 1604 2221 tertianis
1621 2162 1817 2222 auxiliari:
1834 2162 1873 2222 &
1896 2164 2091 2224 quatuor,
2114 2165 2326 2225 quartanis.

1333 2210 1432 2270 Sunt
1446 2212 1506 2272 qui
1526 2212 1660 2272 radicis
1680 2213 1900 2273 gestamine,
1920 2215 2154 2275 discuuendis
2174 2218 2321 2278 strumis

1332 2263 1503 2323 utantur.
1513 2263 1734 2323 Dioscorides.

1383 2315 1685 2375 POLYGONUM
1714 2317 1912 2377 (German.
1924 2318 2086 2378 Wegdrit
2116 2320 2122 2380 /
2128 2321 2319 2381 Weggtaß.

1338 2366 1435 2426 Gall.
1447 2365 1580 2425 Lherbe
1603 2366 1684 2426 saint
1701 2367 1868 2427 Innoceni.
1880 2369 1961 2429 Ital.
1973 2369 2151 2429 Corrigiola,
2163 2368 2313 2428 Centino¬

1323 2416 1395 2476 dia.
1411 2417 1572 2477 Hispan.
1582 2417 1675 2477 Cicus
1696 2419 1872 2479 unundos,
1883 2419 2043 2479 Correola.
2053 2420 2167 2480 )mas,
2183 2420 2312 2480 ramos

1332 2468 1442 2528 habet
1460 2470 1627 2530 teneros,
1638 2471 1677 2531 &
1688 2471 1816 2531 exiles,
1828 2471 2017 2531 copiosos,
2034 2471 2212 2531 geniculis
2235 2470 2318 2530 cin¬

1325 2521 1429 2581 ctos,
1445 2521 1500 2581 qui
1521 2522 1575 2582 per
1592 2522 1744 2582 terram,
1755 2522 1788 2582 ut
1810 2522 1962 2582 gramen
1978 2522 2130 2582 repunt:
2147 2524 2234 2584 folia
2256 2524 2315 2584 tu¬

1321 2572 1398 2632 tae,
1410 2572 1470 2632 sed
1488 2573 1678 2633 molliora,
1696 2575 1939 2635 longioraque:
1952 2575 2088 2635 semine
2112 2575 2165 2635 sub
2189 2575 2314 2635 omni¬

1325 2621 1393 2681 bus
1416 2623 1513 2683 foliis
1530 2626 1774 2686 turgescente,
1786 2626 1882 2686 unde
1899 2627 2042 2687 marem
2058 2627 2241 2687 appellari
2252 2627 2320 2687 vo¬

1318 2674 1428 2734 lunt:
1446 2675 1513 2735 flos
1531 2677 1562 2737 ei
1580 2678 1763 2738 candidus
1782 2678 1843 2738 aut
1861 2680 2063 2740 puniceus.
2088 2680 2265 2740 Nascitur
2283 2680 2314 2740 in

1297 2726 1488 2786 campis,
1500 2729 1751 2789 aedificiorum
1768 2729 1870 2789 areis,
1881 2729 1918 2789 &
1930 2729 1995 2789 viis
2013 2729 2192 2789 publicis.
2204 2728 2323 2788 *Vis

1327 2777 1431 2837 epoti
1450 2779 1543 2839 succi
1562 2780 1635 2840 est,
1654 2782 1825 2842 spissare,
1844 2782 1883 2842 ac
1904 2783 2139 2843 refrigerare:
2159 2783 2310 2843 prodest

1325 2830 1489 2890 cruentae
1505 2831 1756 2891 excreationi,
1772 2833 1958 2893 cholerae,
1974 2833 2045 2893 aivi
2061 2834 2317 2894 fluxionibus,

1333 2881 1369 2941 &
1381 2881 1497 2941 urinae
1509 2882 1710 2942 stillicidio:
1728 2884 1813 2944 nam
1832 2885 1978 2945 urinam
1990 2886 2124 2946 apertè
2142 2887 2221 2947 ciet,
2234 2888 2319 2948 cum

1316 2932 1410 2992 vino
1431 2933 1572 2993 potus.
1587 2935 1717 2995 contra
1739 2936 1968 2996 serpentium
1984 2936 2130 2996 morsus
2157 2938 2313 2998 auxilia¬

1322 2984 1408 3044 tur:
1431 2984 1545 3044 datur
1562 2984 1597 3044 in
1614 2986 1780 3046 febribus
1803 2986 1866 3046 per
1883 2986 2016 3046 horam
2038 2987 2124 3047 ante
2147 2989 2319 3049 invasio¬

1313 3034 1402 3094 nes.
1415 3037 1664 3097 foeminarum
1688 3038 1872 3098 profluvia
1890 3038 2068 3098 imposita
2086 3039 2193 3099 sistit.
2206 3041 2306 3101 Idem

1319 3088 1447 3148 succus
1470 3088 1621 3148 aurium
1637 3088 1838 3148 doloribus
1860 3089 2072 3149 iisdemque
2100 3091 2312 3151 putulentis

1321 3140 1534 3200 instillatur.
1565 3140 1662 3200 Facit
1687 3140 1822 3200 eximiè
1852 3140 1895 3200 ad
1919 3142 2145 3202 genitalium
2169 3145 2317 3205 ulcera.

1325 3190 1407 3250 cum
1423 3191 1537 3251 vino;
1554 3191 1706 3251 adjecto
1733 3193 1837 3253 melle
1864 3193 2071 3253 decoctus.
2088 3195 2316 3255 Stomachi

1313 3241 1468 3301 fervori,
1480 3244 1669 3304 sanguinis
1693 3245 1992 3305 rejectionibus,
2009 3247 2205 3307 usceribus
2228 3248 2314 3308 quae

1311 3296 1492 3356 serpunt,
1505 3299 1653 3359 ignibus
1672 3299 1795 3359 sacris,
1814 3298 2124 3358 collectionibus,
2137 3298 2285 3358 tumori

2162 3354 2254 3414 bus,
2268 3356 2311 3416 &
