2479 3508
229 70 385 130 157

643 66 747 126 De
767 68 956 128 Foliis
997 68 1225 128 frigidis
1256 68 1330 128 in
1351 68 1548 128 gradu
1579 70 1902 130 secundo.

2151 78 2289 138 158

206 126 1239 194 bus, & recentibus vulneribus folia illinuntur.
208 186 1253 249 Sanguinaria foemina fruticat uno caule, arundi
212 238 261 298 ni
286 238 428 298 tenerae
440 238 570 298 simili,
589 238 719 298 densis
737 239 940 299 geniculis,
953 239 990 299 &
1003 239 1039 299 in
1058 239 1089 299 se
1108 239 1212 299 tuba¬

216 293 1241 348 rum modo farctis: articulos in orbem cingunt
216 341 373 401 apices,
392 341 531 401 foliolis
556 341 708 401 similes:
721 343 854 403 radicis
872 343 994 403 nullus
1012 343 1115 403 usus.
1133 342 1219 402 Na¬

214 392 327 452 scitur
346 392 378 452 in
403 394 536 454 riguis.
555 394 650 454 Huic
669 395 826 455 quoque
845 394 1053 454 spissandis,
1060 392 1217 452 refrige¬

201 445 403 505 randique
420 445 553 505 natura
582 445 628 505 ad
651 446 784 506 eadem
801 448 951 508 valens,
969 448 1026 508 sed
1043 448 1216 508 ineffica.

209 495 316 555 cior.
339 496 564 556 Dioscorides.

220 547 511 607 5PSYLLION
536 549 756 609 (German.
769 550 1021 610 Psytientraut.
1034 550 1131 610 Gall.
1137 548 1221 608 Her¬

208 598 247 658 be
269 598 285 658 à
313 598 423 658 Puces
445 601 699 661 nominatur)
721 601 820 661 foliis
842 602 886 662 est
908 603 1118 663 coronopo
1140 604 1216 664 non

205 650 480 710 dissimilibus;
492 652 667 712 hirsutis,
679 652 942 712 longioribus:
961 654 1217 714 sarmentosa,
1235 656 1260 716 B

209 703 457 763 foenimodo
478 704 515 764 in
532 706 661 766 totum
683 706 860 766 herbula,
876 706 989 766 ramis
1011 706 1226 766 dodranta¬

208 754 344 814 libus:
366 755 475 815 coma
497 756 507 816 à
529 757 660 817 medio
681 758 779 818 caule
796 758 976 818 exoritur,
987 758 1139 818 duobus
1155 757 1220 817 tri¬

200 805 324 865 búsve
353 808 577 868 convolutis
595 809 630 869 in
653 809 854 869 cacumine
877 809 1072 869 capitulis:
1095 809 1137 869 in
1155 809 1207 869 his

211 857 360 917 semine
384 859 492 919 duro,
503 860 629 920 nigro,
641 862 807 922 pulicum
825 862 951 922 simili,
968 862 1070 922 unde
1094 862 1124 922 &
1136 860 1219 920 no¬

200 907 296 967 men
319 908 358 968 in
381 910 483 970 arvis
506 910 540 970 &
551 911 704 971 incultis
727 913 914 973 nascitur.
937 913 1147 973 Nusquam
1164 913 1221 973 ta¬

207 961 332 1021 men,
356 962 464 1022 quod
482 964 612 1024 sciam,
625 964 660 1024 in
678 964 899 1024 Germania,
911 965 971 1025 nisi
989 965 1108 1025 satum
1125 965 1215 1025 pro¬

211 1015 336 1075 venit.
365 1015 502 1075 Flores
519 1015 598 1075 tota
615 1016 690 1076 ferè
718 1016 843 1076 aestate
860 1018 901 1078 ex
923 1018 1094 1078 capitulis
1117 1018 1213 1078 ejus,

208 1064 302 1124 quae
319 1066 430 1126 spicae
442 1067 612 1127 formam
635 1067 822 1127 obtinent,
834 1069 1051 1129 erumpentes
1074 1069 1214 1129 depen¬

215 1114 322 1174 dent.
340 1118 477 1178 Semen
495 1120 578 1180 verò
602 1120 798 1180 Autumno
821 1120 983 1180 profert.
994 1118 1012 1178 *
1036 1118 1101 1178 Vis
1119 1119 1149 1179 ei
1167 1120 1208 1180 ad

208 1169 537 1229 refrigerandum,
549 1171 801 1231 inspissandum,
821 1172 853 1232 &
866 1172 1098 1232 molliendum
1117 1172 1208 1232 con¬
1221 1172 1259 1232 C

200 1219 397 1279 veniens:
419 1223 671 1283 articulorum
693 1223 858 1283 morbis,
874 1223 1148 1283 parotidibus.
1159 1223 1219 1283 tu¬

197 1272 403 1332 berculis,
414 1276 659 1336 tumoribus,
676 1276 810 1336 luxatis
832 1276 966 1336 illitum
988 1274 1216 1334 auxiliatur:

210 1323 426 1383 imponitur
449 1325 478 1385 in
495 1327 632 1387 dolore
654 1328 797 1388 capitis,
808 1328 888 1388 cum
905 1328 1076 1388 rosaceo,
1094 1328 1213 1388 aqua,

208 1375 274 1435 aut
291 1377 423 1437 aceto:
439 1378 665 1438 enterocelis
681 1379 918 1439 infantium,
934 1379 973 1439 &
989 1379 1220 1439 prominen¬

204 1427 232 1487 ti
250 1428 463 1488 umbilico,
480 1430 624 1490 illitum
647 1430 687 1490 ex
710 1432 819 1492 aceto
837 1432 1038 1492 medetur.
1067 1430 1217 1490 Teritur

200 1479 403 1539 acetabuli
419 1481 618 1541 mensura,
644 1483 682 1543 &
698 1483 730 1543 in
746 1483 864 1543 aquae
885 1483 1046 1543 sextario
1073 1483 1212 1543 made¬

200 1532 379 1592 factum,
391 1534 459 1594 ubi
477 1535 663 1595 convenit
688 1534 806 1594 aqua,
818 1533 997 1593 illinitur:
1022 1532 1213 1592 siquidem

206 1585 700 1645 vehementerrefrigerat,
716 1585 762 1645 &
773 1585 806 1645 in
834 1585 1048 1645 ferventem
1070 1583 1216 1643 aquam

205 1636 407 1696 dejectum
431 1637 596 1697 calorem
621 1636 823 1696 reprimit.
848 1636 1001 1696 Contra
1019 1636 1129 1696 ignes
1154 1637 1209 1697 sa¬

205 1688 293 1748 cros
316 1688 444 1748 efficax
467 1688 526 1748 est!
555 1688 672 1748 Fama
696 1688 754 1748 est,
765 1687 783 1747 si
801 1687 918 1747 virens
947 1687 1110 1747 domum
1134 1687 1210 1747 im¬
1227 1688 1256 1748 D

206 1739 417 1799 portetur,
428 1739 505 1799 non
528 1739 639 1799 sinere
657 1739 692 1799 in
710 1739 751 1799 ea
768 1739 908 1799 pulices
927 1739 1050 1799 gigni.
1061 1741 1161 1801 Cum
1178 1741 1219 1801 a¬

191 1792 297 1852 dipe
315 1792 445 1852 tusum
462 1793 616 1853 sordida
634 1792 782 1852 ulcera,
793 1792 834 1852 &
853 1792 941 1852 quae
953 1792 1135 1852 cacoethe
1154 1793 1225 1853 vo¬

185 1841 348 1901 cantur
365 1844 564 1904 expurgat.
598 1844 744 1904 Succus
762 1843 1018 1903 vermiculosis
1036 1844 1204 1904 auribus,

204 1893 281 1953 aut
299 1896 478 1956 fluxione
507 1898 805 1958 laborantibus,
828 1898 870 1958 ex
900 1898 1013 1958 melle
1037 1898 1209 1958 prodest.

186 1945 363 2005 Dioscor.
376 1947 448 2007 des.

208 1996 411 2056 RHUS,
429 2000 518 2060 quae
531 2002 702 2062 obsoniis
721 2000 943 2060 aspergitur;
956 1999 1000 2059 ab
1019 1999 1202 2059 aliquibus

192 2050 403 2110 Erythros,
416 2051 428 2111 à
451 2053 569 2113 Gallis
586 2053 710 2113 Viurna
727 2053 928 2113 appellata,
939 2053 1063 2113 semen
1086 2053 1128 2113 est
1151 2053 1217 2113 co¬

198 2101 307 2161 tiarii
330 2104 495 2164 fruticis,
512 2104 558 2164 sic
575 2105 718 2165 vocati,
735 2105 923 2165 quoniam
940 2104 1134 2164 coriorum
1151 2102 1208 2162 in¬

202 2154 379 2214 fectores
402 2156 442 2216 eo
465 2156 591 2216 utuntur
613 2156 653 2216 ad
671 2156 916 2216 inspissandas
939 2155 1065 2215 pelles.
1082 2155 1207 2215 Arbu¬

201 2206 300 2266 scula
323 2207 370 2267 est
388 2207 423 2267 in
440 2207 551 2267 petris
569 2207 721 2267 nascens
745 2206 873 2266 binum
891 2206 966 2266 ferè
989 2207 1206 2267 cubitorum
1229 2209 1252 2269 E

198 2258 353 2318 altitudi
370 2260 417 2320 v:
428 2260 526 2320 foliis
549 2260 745 2320 oblongis,
756 2258 1062 2318 subrubentibus,
1073 2258 1114 2318 in
1131 2258 1217 2318 am¬

197 2311 288 2371 bitu
305 2312 477 2372 serratis;
488 2311 585 2371 ilicis
596 2311 756 2371 modo:
773 2309 888 2369 acino
911 2309 1065 2369 uvatum
1093 2308 1213 2368 graci¬

188 2363 314 2423 lium,
326 2362 463 2422 denso,
475 2363 744 2423 magnitudine
767 2362 974 2422 terebinthi
997 2360 1214 2420 quadante¬

188 2413 272 2473 nus
289 2414 390 2474 lato:
407 2414 514 2474 cujus
536 2414 722 2474 corticosa
745 2414 869 2474 tunica
897 2413 1089 2473 perquàm
1111 2411 1212 2471 utilis

199 2465 249 2525 est
282 2467 460 2527 Nascitur
474 2467 512 2527 in
531 2467 659 2527 Syria,
678 2467 864 2527 Aegypto,
876 2467 908 2527 &
921 2465 1043 2525 Italia.
1056 2465 1081 2525 *
1100 2464 1209 2524 Eolia

198 2518 288 2578 vim
305 2518 448 2578 habent
460 2518 722 2578 astringendi,
740 2518 775 2578 &
787 2518 924 2578 acaciae
942 2518 1097 2578 effectus
1121 2516 1216 2576 prae¬

200 2572 312 2632 bent.
324 2572 549 2632 Decoctum
567 2571 726 2631 capillos
750 2569 945 2629 denigrat:
963 2569 1217 2629 dysenteritis

195 2623 454 2683 infunditur,
471 2623 506 2683 &
518 2623 552 2683 in
569 2623 685 2683 potus
702 2621 858 2681 eorum,
869 2621 1071 2681 insessusque
1089 2620 1215 2680 adjici¬

199 2674 279 2734 tur:
291 2674 491 2734 instillatur
508 2674 668 2734 auribus
685 2674 920 2734 purulentis,
931 2672 1154 2732 gangraenas
1177 2671 1205 2731 &

199 2726 373 2786 pterygia
396 2726 582 2786 cohibent
600 2725 690 2785 folia
714 2725 755 2785 ex
773 2725 881 2785 aceto
905 2725 959 2785 aut
977 2725 1085 2785 melle
1103 2725 1210 2785 illita.
1228 2725 1258 2785 F

186 2777 510 2837 Liquamentum
535 2777 578 2837 fit
590 2777 627 2837 ex
651 2777 762 2837 aridis
774 2776 903 2836 foliis,
927 2776 970 2836 ad
995 2776 1203 2836 crassitudi¬

194 2830 290 2890 nem
307 2831 427 2891 mellis
444 2831 479 2891 in
496 2831 593 2891 aqua
616 2829 816 2889 decoctis,
839 2828 884 2888 ad
907 2827 1073 2887 eadem,
1085 2827 1125 2887 ut
1147 2828 1204 2888 ly¬

196 2882 326 2942 cium,
341 2882 596 2942 conveniens.
617 2881 757 2941 Semen
778 2881 933 2941 eosdem
954 2879 1115 2939 effectus
1136 2878 1203 2938 ex¬

191 2934 328 2994 hibet:
350 2933 631 2993 coeliacorum,
648 2932 1066 2992 dysentericorumque
1094 2929 1208 2989 obso¬

191 2984 275 3044 niis
292 2984 548 3044 inspergitur:
566 2984 703 3044 fracta,
721 2983 995 3043 desquamata,
1007 2983 1203 3043 lividaque

197 3034 339 3094 illitum
360 3035 398 3095 ex
420 3035 535 3095 aqua,
552 3035 589 3095 ab
611 3035 923 3095 inflammatione
944 3034 1119 3094 vindicat:
1136 3034 1207 3094 lin¬

204 3086 286 3146 quae
303 3088 520 3148 asperitates
537 3089 619 3149 cum
637 3088 742 3148 melle
760 3088 965 3148 abstergit:
982 3087 1117 3147 candida
1135 3086 1210 3146 fou¬

200 3140 401 3200 minarum
425 3140 615 3200 profluvia
633 3139 737 3199 sistit:
755 3137 1066 3197 haemotrhoidas
1091 3139 1207 3199 sanat,

193 3193 288 3253 cum
310 3191 459 3251 querno
485 3191 650 3251 carbone
671 3191 793 3251 intrito
815 3191 1043 3251 admotum.
1070 3191 1202 3251 Aqua,

195 3244 229 3304 in
246 3244 320 3304 qua
343 3245 468 3305 semen
485 3244 656 3304 maduit,
667 3244 827 3304 decocta
844 3242 1020 3302 cogitur,
1037 3242 1197 3302 coitque

196 3299 398 3359 efficacior
424 3298 495 3358 quo
515 3296 729 3356 dammodo
749 3296 827 3356 ipso
847 3295 1016 3355 lemine.
1036 3295 1204 3355 Gummi

1239 117 2298 201 [A] defert quod dentium cavis imprimitur ad dolo¬
1253 186 1822 247 res finiendos. Dioscorides.
1327 241 1621 301 SOLANUIi
1648 244 1809 304 quatuor
1829 244 2003 304 generum
2023 245 2084 305 est:
2097 248 2284 308 hortense;

1241 299 2306 359 halicacabum, somniferum & furiosum. Horten¬
1285 341 1323 401 se
1342 343 1516 403 solanum
1536 346 1684 406 (Germ.
1697 347 1922 407 Nachtschatt.
1935 349 2038 409 Hisp.
2045 350 2141 410 Gall.
2154 351 2186 411 &
2199 352 2282 412 Ital.

1290 394 1444 454 Morella,
1457 395 1617 455 officinis
1636 398 1862 458 Solatrum.)
1881 400 2003 460 frutex
2022 401 2068 461 est
2087 401 2177 461 cibis
2196 403 2280 463 ido¬

1284 446 1399 506 neus,
1411 447 1527 507 exilis,
1545 448 1710 508 pusillus,
1722 449 1843 509 multis
1862 451 2056 511 concavus
2081 452 2166 512 alis:
2184 454 2275 514 folio

1284 497 1411 557 nigro,
1424 500 1563 560 majore
1582 500 1697 560 quàm
1716 500 1855 560 ocymi,
1868 501 1900 561 &
1912 502 2059 562 latiore:
2078 502 2199 562 fructu
2218 503 2287 563 ro¬

1285 550 1430 610 tundo,
1443 552 1568 612 viridi,
1582 553 1648 613 qui
1668 553 1747 613 post
1767 553 2025 613 maturitatem
2038 555 2210 615 nigricat,
2223 557 2282 617 aut

1279 601 1477 661 fulvescit,
1489 604 1611 664 herba
1636 604 1854 664 innocentis
1880 604 2027 664 gustus.
2052 605 2232 665 Nascitur
2244 607 2301 667 in¬

1266 655 1427 715 hortis,
1440 655 1539 715 secus
1552 656 1652 716 vias,
1664 656 1845 716 agrorum
1864 656 2082 716 margines,
2094 658 2287 718 sepimen¬

1283 706 1349 766 ta,
1367 707 1517 767 veteres
1541 707 1721 767 parietes,
1732 707 1894 767 ruinas:
1912 707 1948 767 &
1966 707 2001 767 in
2026 708 2158 768 asperis
2176 710 2289 770 locis.

1281 757 1438 817 Aestate,
1449 758 1485 818 &
1497 758 1528 818 in
1545 758 1713 818 multum
1731 758 1942 818 quandoque
1960 760 2194 820 Autumnum
2212 761 2290 821 flo¬

1285 808 1351 868 ret:
1370 808 1407 868 &
1419 809 1510 869 tunc
1528 809 1681 869 quidem
1699 809 1840 869 fructus
1858 809 2010 869 maturi.
2022 809 2053 869 †
2078 811 2224 871 Natura
2254 813 2285 873 ei

1280 860 1556 920 refrigerandi:
1570 862 1684 922 quare
1698 862 1785 922 folia
1812 862 1994 922 ulceribus
2015 863 2095 923 quae
2110 865 2278 925 serpunt,

1284 911 1321 971 &
1334 912 1490 972 ignibus
1508 913 1633 973 sacris,
1652 914 1920 974 convenienter
1951 914 2033 974 cum
2051 916 2194 976 polline
2213 916 2282 976 po¬

1281 964 1401 1024 lentae
1414 964 1624 1024 illinuntur,
1636 965 1826 1025 aegilopia,
1845 967 2023 1027 capitisque
2035 967 2207 1027 dolores,
2226 967 2289 1027 tri¬

1279 1015 1315 1075 ta
1339 1016 1369 1076 &
1388 1017 1570 1077 imposita
1595 1018 1662 1078 per
1680 1018 1705 1078 se
1723 1018 1869 1078 sanant:
1881 1019 2051 1079 aestuanti
2070 1018 2271 1078 stomacho

1284 1067 1534 1127 auxiliantur:
1551 1067 1744 1127 parotidas
1761 1069 1807 1129 cum
1818 1069 1886 1129 sale
1909 1070 2034 1130 detrita
2052 1070 2142 1130 illitu
2159 1070 2278 1130 discu¬

1279 1118 1401 1178 tiunt.
1431 1120 1541 1180 Valet
1559 1120 1681 1180 succus
1699 1121 1774 1181 ejus
1792 1121 1961 1181 adversus
1979 1121 2101 1181 ignem
2119 1123 2282 1183 sacrum;

1269 1171 1371 1231 atque
1377 1172 1499 1232 ulcera
1524 1172 1607 1232 quae
1626 1172 1792 1232 serpunt,
1805 1172 1888 1232 cum
1908 1172 2061 1232 cerussa,
2067 1174 2240 1234 rosaceo,
2252 1174 2290 1234 &

1284 1222 1398 1282 argenti
1411 1223 1563 1283 spuma:
1576 1223 1627 1283 ad
1640 1223 1817 1283 aegilopas
1837 1225 1919 1285 cum
1938 1225 2052 1285 pane:
2065 1226 2274 1286 infantium

1280 1274 1491 1334 adustioni,
1503 1274 1618 1334 quàm
1637 1274 1784 1334 syriasin
1803 1274 1956 1334 vocant,
1969 1276 2014 1336 cum
2020 1276 2173 1336 rosaceo
2199 1277 2281 1337 per¬

1273 1328 1377 1388 fusus
1402 1328 1581 1388 proficit:
1593 1328 1630 1388 in
1649 1327 1846 1387 collyriis,
1859 1327 1969 1387 aquae
1994 1327 2050 1387 vel
2074 1327 2135 1387 ovi
2155 1328 2283 1388 vicem

1283 1379 1450 1439 exhibet,
1467 1379 1595 1439 contra
1617 1379 1751 1439 acutas
1768 1378 1958 1438 fluxiones
1974 1378 2108 1438 illitus:
2125 1378 2276 1438 aurium

1283 1429 1420 1489 dolori
1433 1430 1624 1490 instillatus
1648 1430 1815 1490 prodest,
1827 1429 1988 1489 mensium
2000 1429 2281 1489 abundantiam

1286 1480 1373 1540 sistit
1385 1481 1417 1541 in
1436 1481 1560 1541 vellere
1585 1483 1767 1543 subditus.
1779 1483 1910 1543 Suecus
1929 1483 2029 1543 fulvo
2053 1481 2278 1541 gallinarum

1282 1534 1484 1594 cortalium
1502 1534 1594 1594 fimo
1619 1534 1809 1594 subactus,
1821 1534 1858 1594 &
1870 1534 1987 1594 linteo
2005 1534 2214 1594 appositus
2226 1534 2281 1594 ae¬

1284 1583 1435 1643 gilopiis
1460 1584 1716 1644 praesentaneo
1740 1585 1783 1645 est
1801 1586 1990 1646 temedio.
2008 1586 2190 1646 Solanum
2209 1583 2282 1643 ha¬

1281 1636 1502 1696 licacabon,
1522 1637 1580 1697 aut
1600 1637 1808 1697 physalida,
1821 1637 1853 1697 id
1873 1639 1931 1699 est,
1951 1639 2139 1699 vesicaria,
2159 1639 2289 1699 Germ.

1285 1687 1471 1747 Schlutten
1483 1687 1489 1747 /
1502 1688 1738 1748 Iudentirsen.
1750 1688 1849 1748 Gall.
1862 1688 2141 1748 Alquequenges,
2148 1687 2277 1747 Baguę¬

1276 1739 1422 1799 naudes.
1434 1739 1543 1799 Hisp.
1556 1739 1593 1799 A
1617 1739 1770 1799 careador
1788 1739 1824 1799 de
1843 1739 1995 1799 suenno,
2007 1739 2130 1799 Bexiga
2148 1738 2178 1798 de
2196 1738 2276 1798 Per¬

1277 1792 1343 1852 ro,
1356 1792 1459 1852 foliis
1477 1790 1666 1850 antedicto
1691 1792 1897 1852 similibus,
1916 1792 2044 1852 verùm
2062 1791 2281 1851 ladoribus:

1279 1844 1385 1904 cujus
1416 1844 1547 1904 caules
1566 1844 1828 1904 posteaquam
1846 1844 2127 1904 adoleverunt,
2146 1843 2276 1903 prona

1268 1896 1412 1956 terram
1437 1894 1631 1954 spectant:
1650 1894 1825 1954 folliculis
1851 1895 2089 1955 orbiculatis,
2108 1895 2283 1955 vesiculis

1278 1946 1486 2006 similibus,
1504 1946 1540 2006 in
1559 1946 1693 2006 quibus
1712 1946 1833 2006 semen
1858 1948 2029 2008 continet
2047 1946 2206 2006 fulvum,
2218 1942 2286 2002 ro¬

1280 1999 1464 2059 tundum,
1484 1999 1566 2059 laeve
1586 1999 1789 2059 acinorum
1808 2000 1891 2060 uvae
1904 2000 2050 2060 figura:
2069 1999 2145 2059 quo
2164 1997 2285 2057 coro¬

1281 2050 1372 2110 narii
1390 2050 1562 2110 utuntur,
1574 2050 1720 2110 corollis
1733 2051 1959 2111 intexentes.
1971 2050 2142 2110 Nascitur
2154 2050 2191 2110 in
2210 2048 2283 2108 pa¬

1282 2101 1440 2161 rietinis,
1446 2102 1535 2162 locis
1553 2102 1768 2162 umbrosis,
1780 2102 2065 2162 aliquantulum
2077 2101 2279 2161 humenti¬

1282 2152 1372 2212 bus,
1392 2153 1591 2213 quandoque
1610 2153 1701 2213 circa
1726 2155 1907 2215 agrorum
1926 2153 2139 2213 margines.
2165 2152 2274 2212 *Vim

1283 2206 1444 2266 usumque
1455 2206 1640 2266 hortensis
1658 2206 1777 2266 solani
1801 2204 1938 2264 habet:
1956 2204 2086 2264 verum
2105 2204 2194 2264 cibis
2212 2204 2277 2264 ne¬

1287 2258 1485 2318 quaquam
1511 2257 1716 2317 expetitur.
1741 2257 1908 2317 Regium
1927 2255 2108 2315 morbum
2132 2257 2281 2317 purgat,

1289 2309 1426 2369 semine
1444 2309 1556 2369 poto,
1569 2309 1607 2369 &
1619 2309 1768 2369 urinam
1788 2308 1900 2368 pellit.
1912 2308 1955 2368 Ex
1980 2308 2136 2368 utraque
2161 2308 2279 2368 herba

1285 2362 1413 2422 succus
1431 2360 1670 2420 extrahitur:
1693 2360 1758 2420 qui
1775 2360 1927 2420 siccatus
1945 2360 1979 2420 in
1997 2359 2125 2419 umbra
2149 2358 2283 2418 recon¬

1282 2413 1401 2473 ditur,
1413 2413 1460 2473 ad
1478 2412 1608 2472 eadem
1626 2411 1769 2471 valens.
1799 2411 1989 2471 Solanum
2006 2411 2279 2471 somniferum,

1284 2464 1402 2524 aliqui
1421 2464 1534 2524 etiam
1559 2464 1852 2524 Halicacabon,
1871 2464 1909 2524 &
1927 2464 2196 2524 Apollinarem
2214 2460 2289 2520 mi¬

1288 2515 1437 2575 norem,
1449 2515 1486 2575 &
1498 2515 1709 2575 Uluicanam
1728 2513 1902 2573 herbam,
1914 2513 1945 2573 &
1964 2513 2194 2573 Obsaginem
2212 2512 2286 2572 vo¬

1277 2567 1387 2627 cant:
1399 2566 1553 2626 sruticat
1572 2566 1694 2626 multis
1713 2566 1836 2626 ramis,
1848 2566 1989 2626 densis,
2002 2564 2199 2624 candicosis,
2211 2562 2284 2622 fra¬

1283 2621 1352 2681 ctu
1370 2618 1678 2678 contumacibus,
1689 2617 1887 2677 pinguium
1904 2617 2067 2677 foliorum,
2079 2615 2276 2675 cotoneae¬

1278 2671 1361 2731 que
1380 2671 1476 2731 mali
1496 2669 1675 2729 similium
1694 2668 1841 2728 plenis:
1854 2668 1951 2728 flore
1970 2668 2130 2728 grandi,
2143 2668 2290 2728 rubro:

1277 2723 1411 2783 fructu
1434 2722 1475 2782 in
1492 2722 1667 2782 follitulis
1690 2720 1865 2780 crocato:
1882 2720 2010 2780 radice
2034 2719 2179 2779 grandi,
2191 2718 2284 2778 sub¬

1271 2775 1397 2835 rubro
1415 2773 1547 2833 cortice
1565 2773 1709 2833 vestita.
1720 2771 1895 2831 Nascitur
1913 2771 1948 2831 in
1966 2771 2075 2831 saxis,
2086 2770 2164 2830 non
2188 2770 2278 2830 pro¬

1285 2827 1342 2887 cul
1360 2826 1373 2886 à
1392 2825 1493 2885 mari.
1505 2824 1650 2884 Radicis
1669 2824 1796 2884 cottex
1808 2824 1846 2884 in
1858 2824 1947 2884 vino
1972 2822 2162 2882 drachmae
2174 2821 2275 2881 pon¬

1288 2879 1372 2939 dere
1392 2876 1521 2936 potas,
1534 2875 1767 2935 somnificam
1786 2875 1858 2935 vim
1877 2875 2019 2935 habet,
2039 2873 2129 2933 opio
2149 2870 2284 2930 mitio¬

1271 2932 1379 2992 rem.
1392 2929 1525 2989 Semen
1549 2927 1798 2987 vehementer
1816 2926 1961 2986 urinam
1979 2926 2046 2986 cit.
2082 2924 2276 2984 Corymbi

1284 2981 1499 3041 duodecim
1518 2980 1746 3040 hydropicis
1764 2978 1929 3038 dantur:
1948 2978 1973 3038 si
1999 2977 2093 3037 quid
2113 2977 2277 3037 numero

1284 3034 1498 3094 adjiciatur,
1510 3031 1777 3091 alienationem
1795 3029 1932 3089 mentis
1949 3029 2110 3089 faciunt.
2134 3030 2282 3090 Reme¬

1278 3086 1349 3146 dio
1373 3085 1421 3145 est
1444 3084 1545 3144 aqua
1569 3083 1723 3143 copiosa
1747 3083 1878 3143 mulsa,
1890 3082 1997 3142 potui
2008 3081 2109 3141 data.
2133 3079 2281 3139 Succus

1286 3127 2289 3198 pastillis inseritur, & medicamentis, quae doloris
1280 3187 1512 3247 levamentum
1525 3187 1712 3247 praebent.
1745 3185 1945 3245 Decoctus
1957 3184 1996 3244 in
2009 3184 2113 3244 vino,
2125 3182 2151 3242 si
2164 3181 2203 3241 in
2216 3181 2273 3241 ore

1278 3230 2258 3305 contineatur dentium doloribus auxiliatur. Ra¬
1285 3285 2256 3372 dicis succus, cum melle illitus, oculorum hebe¬
