2479 3508
222 70 388 178 159
760 72 1757 158 Antidotarii specialis Lib. I.
2142 67 2284 150 160
220 116 1241 235 tudines tollit. Solanum furiosum aliqui Persion,
220 204 1225 284 alii Thryon, alii Doryenion, nonnulli Solanum
217 256 1222 333 manicum appellavêre. Huic folium erucae simi¬
214 307 1214 390 le, majus aliquantò, satis acantho, quem paede¬
217 364 1220 434 rota vocant, accedens: caules à radice proceros
217 411 1214 478 emittit decem aut duodecim, ulnae altitudine a¬
227 460 1227 535 dolescentes: caput in cacumine olivae figura, sed
227 514 1227 587 ut platani pilulae hirsutius, verùm majus latius¬
230 566 1227 638 que: florem nigrum, postquam eo exuitur, race¬
230 618 1235 690 mus exit rotundus, niger, denis aut duodenis a¬
230 674 1247 742 cinis constans, similibus hederae corymbis, ut
233 713 1212 791 uvae mollibus: radice firmatur candida, crassa
233 783 1222 840 cava, cubitali gignitur in montibus, vento per¬
225 824 1220 897 flatis, & plataneaus. Radix drachmę unius pon¬
230 876 1225 946 dere pota ex vino. facit species vanas, imagines¬
233 933 1217 992 que non injucundas obversari: sed duplicatus
230 977 1225 1041 hic modus, ad tres usque dies mentis alienatio¬
238 1028 1230 1103 nem affert: quadruplicatus interimit. Remedio
235 1080 1225 1168 est aqua mulsa copiosiùs pota, & vomitione re¬
240 1134 1225 1207 jecta. Duo posteriora genera apud nos non re¬
251 1163 1294 1258 periuntur. Est & aliud genus Solani, recentiori¬
233 1238 1225 1318 bus Lethale Solanum vocatum, cui caules sur¬
235 1289 1230 1364 gunt bicubitales, aut altiores, rotundi, medio¬
230 1336 1243 1411 cris crassitudinis, ramosi; è subrubro colore ni¬
248 1387 1227 1465 gricantes, quos convestiunt oblonga, lata, mol¬
235 1442 1227 1517 lia, & nonnihil lanuginosa folia, majora latio¬
230 1491 1225 1555 raque, quàm Solani. flores oblongi, cavi, è fo¬
230 1545 1225 1620 liorum alis, obscuriore purpura nigricant. bac¬
233 1592 1232 1659 ca acino uvae similima, succedit singulis unica,
230 1646 1230 1716 splendidè nigricans, magnitudine ferè medio¬
243 1687 1276 1770 cris cerasi, exiguo semine gravida, radix longa,
233 1749 1225 1809 magna, inalbicans, diuturna ac vivax, in propa¬
238 1803 1238 1881 gines plures distribuitur. Circa sylvas juxta pa¬
235 1853 1227 1925 rietes, sepimentaque angrorum, aliisque perinde pa¬
235 1904 1227 1979 rum cultis ac desertis reperitur locis: umbrosa
235 1958 1240 2023 amat. Augusto arrident maturae baccae: flores &
230 2008 1227 2080 antè & eodem reperiuntur tempore. German.
238 2051 1238 2132 Dollwurz / Dollkraut / Schlaaffbeer. Ital. Bella donna
235 2108 1232 2183 appellatur. Sunt qui putent Fabam inversam di¬
243 2160 1235 2225 ci. Ad Mandragoram Theophrasti (qui differt à
238 2199 1276 2289 Dioscoridis Mandragora) plurimùm accedit, si I
243 2266 1230 2325 non ipsissimus est. Theophrastus hunc caulem
238 2315 1232 2377 habere ait, & fructum ferre nigrum, acino, uvae
230 2364 1227 2418 similem, & succo vinosum. Respondent quoque
235 2421 1220 2491 facultates. Nam Solanum istud somniferum est,
230 2470 1222 2542 mentem conturbat, insaniam facit, si pauciores
233 2522 1227 2594 baccae sumantur: plures verò etiam interficiunt,
230 2573 1225 2643 citam festinamque mortem inferentes. Dioscorides,
238 2630 519 2716 & Dodonaeus.
457 2664 1031 2783 De foliis frigidis in tertio.
284 2747 1225 2834 PORTULACA (German Wurzelkrau. Gallicè
238 2796 1225 2881 Du Pourpier, ou de la Pourcelaine. Ital. Porcelana.
230 2878 1227 2935 Hispan. Serdolaga.) omnibus vulgarissima est.
243 2925 1235 2984 Duo ejus habentur genera: unum sativum, cui
230 2976 1225 3041 folia insunt latiora, & caulis crassior, in altum se
230 3031 1225 3098 attollens: alterum verò sylvestre, humi repens.
235 3082 1217 3139 minoribus, tenuioribus, ac crebrioribus foliis.
230 3124 1235 3199 Provenit in hortorum areolis, vineis, & aliis cul¬
238 3183 1220 3248 tis locis, hortensis. Sylvestris in petrosis, & in¬
235 3232 1230 3297 cultis etiam nascitur. Junio & Julio potissimùm
235 3287 1232 3359 mensibus carpenda folia & flores: semen verò
1241 116 2297 219 [A] sequentibus.* Harum vis astringit. Capitis do¬
1284 196 2294 266 loribus, inflammationibus oculorum, caeterisque
1289 248 2294 313 cum polenta imponitur: ardoribus stomachi,
1282 300 2289 359 sacro igni, vesicae doloribus auxilio est: com¬
1284 351 2294 411 manducata dentium stupores sedat: stomachi &
1282 400 2289 478 intestinorum aestuationem, fluxionesque mul¬
1284 452 2297 519 cet: renes & vesicam adjuvat, etiamsi erosionem
1282 512 2294 574 sentiant: Veneris impetus exolvit. Succus epo¬
1287 548 2294 618 tus simili effectu prodest, in febribus valens.
1289 612 2294 669 Contra teretes ventris tineas cruentam excrea¬
1247 659 2294 730 [B] tionem, dysenteriam, haemorrhoidas, & proflu¬
1289 716 2289 773 via sanguinis, percocta efficax est: item contra
1297 762 2289 829 sepis morsus. Otularibus medicamentis utilissi¬
1289 816 2289 873 mè commiscetur: interraneis fluxione laboran¬
1292 871 2287 933 tibus, atque vulvarum crosionibus infunditur:
1292 920 2287 971 contra dolores, quos aestus excitavit, caput ex
1287 971 2281 1026 rosaceo & oleo fovetur: eruptiones papularum
1289 1021 2289 1083 in capite, cum vino emendat: vulneribus, quae
1287 1075 2287 1134 ad syderationem spectant, ex polenta illinitur.
1292 1127 1811 1196 Dioscorides, & Matthiolus.
1328 1160 2297 1238 [C] MANDRAGORAM aliqui antimelum, alii
1292 1227 2287 1284 circaeam vocant, quoniam videatur radix ad a¬
1292 1279 2289 1338 matoria conducere. Latinis Terrae malum, Ter¬
1287 1333 2292 1385 restris malus, Canina malus: Germanis Alraun
1287 1380 2292 1434 appellatur. Duo ejus genera: niger, quae foemi¬
1292 1431 2287 1499 na existimatur, Thridacias appellatus, angustio¬
1292 1483 2292 1537 ribus foliis, ac minoribus quàm lactucae, virosis
1292 1532 2287 1599 ac graveolentibus, in terra sparsis: mala gerit sor¬
1292 1586 2297 1648 bis similia, pallida, odorata, in quibus semen
1297 1641 2294 1698 veluti pyrorum: radicibus inhaeret bene magnis.
1287 1682 2294 1752 [D] binis, ternisve, inter se convolutis, nigris foris,
1287 1741 2294 1803 intùs albis, crasso cortice vestitis: caulem non
1300 1793 2281 1855 fert. Alter candidus, qui mas dicitur, non nullis
1297 1845 2289 1912 Morion vocitatur, hujus folia magna, alba, lata,
1297 1894 2279 1956 laevia, ut betae: mala quàm alterius duplo majo¬
1287 1946 2294 2005 ra, colore in crocum inclinante, jucundè cum
1300 2002 2287 2070 gravitate quadam olentia, quorum pomorum
1297 2049 2281 2106 cibo aliquantum opiliones soporantur: radia
1292 2101 2297 2160 alterius similis, major & candidior, orbata &
1300 2152 2287 2209 haec caule. Nascitur in calidis regionibus, in syl¬
1292 2199 2289 2269 vestribus, montosis, veluti in Gargano Apuliae
1289 2258 2274 2315 monte. At in Germaniis satus tantummodo re
1300 2310 2292 2372 peritur, & foemina quidem perquàm rarissimè.
1300 2356 2292 2413 Succus fit è eortice recentis radicis tuso, & prae¬
1287 2411 2284 2475 lis subjecto: qui insolatus, ubi concrevit, ficti¬
1287 2465 2287 2522 li reconditur. Malis quoque succus depromi¬
1287 2511 2287 2576 tur, sed aliquantò ignavior. Delibratur radix,
1289 2566 2289 2625 & trajectus lino cortex, ad usum suspenditur.
1320 2617 2287 2669 * Aliqui radices in vino ad tertias coquunt, &
1292 2669 2292 2736 defaecatum jus servans, cyathoque uno utun¬
1300 2718 2281 2780 tur in pervigiliis, & doloribus, & ante sectio¬
1289 2772 2287 2824 nes, ustionesque, ne sentiantur. Succus duobus
1292 2824 2289 2886 obolis ex mulso potus, ut veratrum, per vomi¬
1297 2876 2289 2938 tiones bilem atram, pituitamque extrahit: ve¬
1289 2927 2289 2982 rùm potu largiore vita adimitur. Medicamen¬
1287 2974 2281 3041 tis ocularibus, & his quae dolores finiunt, pes¬
1287 3031 2261 3098 sis quoque emollientibus, admiscetur: semio¬
1287 3080 2248 3139 boli pondere inditus, per se menses & partus ex¬
1300 3137 2274 3194 pellit, subditus sedi pro balano somnificus est.
1292 3181 2289 3250 Radix ebur emollire fertur, quae senis horis cum
1287 3240 2266 3299 eo decocta sit: & ad accipiendam quam effin¬
1297 3289 2152 3364 gere optaveris formam, ipsum facilè praestat.
2191 3358 2332 3425 Folia
