2479 3508
209 89 335 149 161

685 58 1839 164 De Foliis calidis in gradu tertio.
2130 98 2257 158 162

200 155 303 215 Folia
327 153 497 213 recentia
521 154 796 214 convenienter
814 155 1020 215 oculorum
1039 155 1191 215 inflam¬

191 204 442 264 mationibus
466 203 502 263 &
513 205 836 265 collectionibus,
848 207 938 267 quas
961 208 1080 268 ulcera
1105 209 1195 269 cita¬

191 257 307 317 runt,
325 257 406 317 cum
429 256 592 316 polenta
621 257 842 317 illinuntur:
860 259 1017 319 duritias
1040 261 1192 321 omnes,

189 307 512 367 suppurationes,
518 308 679 368 strumas
704 308 739 368 &
751 310 949 370 tubercula
973 312 1194 372 discutiunt:

193 358 373 418 stigmata
392 358 467 418 sine
485 359 778 419 exuleeratione
797 361 939 421 delent,
952 361 971 421 si
989 362 1133 422 quinis,
1139 364 1195 424 se¬

187 409 296 469 nisve
319 409 458 469 diebus
475 410 608 470 sensim
631 412 901 472 perfricentur.
918 413 1022 473 Folia
1046 414 1189 474 servan¬

198 462 252 522 tur
270 461 300 521 in
325 460 470 520 muriis,
482 460 640 520 eosdem
658 461 701 521 ad
719 461 828 521 usus.
853 463 956 523 Trita
974 464 1070 524 radix
1095 466 1192 526 igni¬

196 511 264 571 bus
287 511 396 571 sacris
418 511 453 571 ex
476 512 613 572 aceto,
625 512 664 572 &
681 514 876 574 serpentium
888 515 1024 575 ictibus
1048 517 1082 577 ex
1099 517 1190 577 mel¬

194 563 249 623 le,
266 563 333 623 aut
350 562 440 622 oleo
456 562 658 622 medetur:
675 563 843 623 strumas
860 565 977 625 atque
994 569 1196 629 tubercula

195 614 283 674 eum
305 613 408 673 aqua
425 613 589 673 dissipat:
605 614 857 674 articulorum
879 618 1087 678 cruciatus,
1103 622 1190 682 cum

200 665 361 725 polenta
377 664 494 724 sedat.
510 664 561 724 Fit
577 664 667 724 citra
683 666 906 726 coctionem
922 668 1055 728 vinum
1072 670 1089 730 è
1111 671 1194 731 cor¬

193 716 268 776 tice
285 715 427 775 radicis
443 715 487 775 ad
508 715 606 775 hunc
623 716 802 776 modum.
819 718 949 778 Ternae
960 720 1074 780 minae
1090 721 1124 781 in
1140 722 1188 782 vi¬

185 767 223 827 ni
244 766 368 826 dulcis
384 766 590 826 metretam
611 767 892 827 conjiciuntur.
913 770 1070 830 Dantur
1091 773 1129 833 ex
1145 774 1182 834 eo

191 820 294 880 terni
311 818 449 878 cyathi,
460 817 500 877 iis
523 817 587 877 qui
604 818 713 878 secari
736 818 793 878 aut
810 820 960 880 amburi
983 823 1137 883 debent,
1154 826 1194 886 ut

197 869 286 929 antè
302 868 419 928 dictum
431 868 503 928 est:
520 869 710 929 siquidem
726 870 833 930 nullo
860 872 950 932 tunc
966 874 1189 934 afficiuntur

186 920 354 980 dolore,
371 920 435 980 sed
452 920 608 980 veterno
638 920 811 980 quodam
828 922 939 982 pressi
956 925 1200 985 torpescunt.

192 970 301 1030 Mala
319 970 501 1030 soporem
520 971 685 1031 afferunt
703 973 861 1033 olfactu,
873 973 903 1033 &
915 974 1025 1034 etiam
1043 976 1067 1036 si
1085 977 1190 1037 man¬

193 1022 366 1082 dantur:
377 1022 467 1082 item
490 1022 674 1082 expressus
697 1024 735 1084 ex
758 1024 808 1084 eis
825 1025 976 1085 succus.
987 1027 1110 1087 nimio
1133 1028 1188 1088 ta¬

189 1073 279 1133 men
295 1073 424 1133 odore
441 1073 599 1133 percussi
621 1074 919 1134 obmutescunt.
941 1077 1087 1137 Semen
1110 1079 1188 1139 ma¬

191 1125 325 1185 lorum
342 1123 483 1183 potum
501 1124 635 1184 vulvas
653 1125 805 1185 purgat:
823 1129 1092 1189 appositumque
1103 1132 1191 1192 cum

192 1175 374 1235 sulphure
391 1174 521 1234 ignem
539 1174 618 1234 non
636 1176 818 1236 experto,
829 1178 949 1238 rubra
971 1180 1194 1240 foeminarum
1211 1180 1233 1240 (

195 1226 386 1286 profluvia
404 1225 505 1285 sistit.
517 1225 750 1285 Scatificata,
768 1229 1000 1289 punctisque
1018 1232 1185 1292 multifa¬

194 1279 287 1339 nam
304 1277 433 1337 aperta
450 1277 590 1337 radice,
602 1277 777 1337 rumpens
795 1279 975 1339 lacryma,
987 1283 1081 1343 cavo
1098 1285 1179 1345 vase

180 1330 376 1390 recipitur.
387 1328 663 1388 Liquamentum
674 1330 801 1390 autem
818 1331 928 1391 succo
945 1333 1071 1393 lacteo
1095 1336 1186 1396 prae¬

180 1379 346 1439 stantius
368 1378 432 1438 est.
443 1378 506 1438 sed
529 1378 609 1438 non
626 1379 792 1439 ubique,
809 1381 849 1441 ut
866 1383 1089 1443 experientia
1112 1385 1186 1445 do¬

185 1430 260 1490 cet,
271 1430 421 1490 radices
438 1430 604 1490 lacteum
622 1431 737 1491 succum
754 1433 1030 1493 delacrymant.
1054 1437 1185 1497 Aliam

182 1481 349 1541 tradunt
367 1481 432 1541 esse
450 1481 772 1541 mandragoram.
784 1483 945 1543 nominè
969 1487 1135 1547 Morion,
1147 1491 1177 1551 in

192 1534 328 1594 opacis
345 1532 448 1592 juxta
465 1532 596 1592 specus
613 1532 750 1592 enatum:
767 1534 869 1594 foliis
892 1535 983 1595 albae
1000 1537 1182 1597 mandra¬

193 1585 304 1645 gorae
315 1583 554 1643 minoribus,
571 1583 682 1643 albis,
699 1585 1005 1645 dotrantalibus,
1016 1589 1177 1649 raditem

181 1634 489 1694 ambientibus:
500 1633 588 1693 quae
599 1634 733 1694 mollis
756 1635 797 1695 est
815 1636 849 1696 et
867 1638 1047 1698 candida,
1058 1640 1174 1700 paulò

192 1687 320 1747 major
344 1686 483 1746 palmo,
501 1685 763 1745 pollicemque
781 1687 1019 1747 crassitudine
1042 1690 1182 1750 aequat.

192 1739 372 1799 Tradunt
390 1738 465 1798 eam
483 1738 518 1798 in
535 1737 652 1797 pane,
663 1736 751 1796 offa,
762 1738 978 1798 obsoniove
1002 1742 1170 1802 drachmę

190 1789 368 1849 pondere
384 1787 630 1847 devoratam,
641 1786 747 1846 usum
763 1787 925 1847 rationis
948 1792 1181 1852 intercipere:

194 1841 450 1901 obdormiscit
466 1840 567 1900 enim
578 1840 722 1900 homo,
740 1840 784 1900 eo
806 1840 879 1900 ferè
895 1841 974 1901 quo
996 1843 1179 1903 comede¬

179 1892 234 1952 rit
250 1891 407 1951 habitu,
418 1889 546 1949 sensus
563 1889 714 1949 impos,
730 1889 847 1949 ternis
870 1892 1132 1952 quaternisve,
1143 1898 1182 1958 ex

194 1942 271 2002 quo
294 1942 377 2002 data
405 1942 461 2002 est,
473 1942 589 2002 horis.
600 1942 679 2002 Hac
695 1942 835 2002 medici
851 1943 1019 2003 utuntur.
1030 1945 1075 2005 cum
1086 1948 1180 2008 scin¬

186 1993 328 2053 dendi,
340 1993 493 2053 urendive
511 1993 712 2053 necessitas
736 1993 777 2053 ad
789 1993 854 2053 est.
866 1994 1120 2054 Andidotum
1138 1998 1186 2058 es¬

195 2045 222 2105 se
239 2045 378 2105 volunt
395 2044 584 2104 radicem,
601 2044 684 2104 cum
701 2044 857 2104 manico
874 2045 1007 2105 solano
1030 2048 1180 2108 potam.

198 2095 438 2155 Dioscorides.

247 2147 639 2207 SEMPERVIVUM,
652 2146 712 2206 seu
731 2147 882 2207 SEDUM
902 2147 1052 2207 (Germ.
1065 2149 1183 2209 Sanf¬

192 2197 305 2257 wurg.
324 2198 424 2258 Gall.
436 2198 622 2258 Iaubarbe.
633 2197 717 2257 Ital.
729 2197 962 2257 Semperuiua.
974 2198 1075 2258 Hisp.
1087 2201 1188 2261 Yerua

182 2249 325 2309 pontera
349 2249 499 2309 dicitur)
511 2248 618 2308 trium
642 2248 684 2308 est
702 2248 862 2308 generum:
881 2248 1024 2308 majus,
1042 2251 1186 2311 minus,

186 2302 225 2362 &
236 2300 500 2360 andrachnis.
511 2299 704 2359 Magnum
720 2299 808 2359 ideo
830 2299 1072 2359 nominatur,
1083 2302 1182 2362 quo¬

188 2353 293 2413 niam
311 2353 497 2413 perpetuò
521 2351 608 2411 folia
626 2350 790 2410 vircant:
807 2350 907 2410 cujus
930 2351 1058 2411 caules
1076 2353 1181 2413 cubi¬

191 2405 214 2465 ti
231 2402 482 2462 altitudinem
499 2401 676 2461 implent,
687 2401 875 2461 interdum
899 2402 1098 2462 excedunt,
1110 2404 1196 2464 pin¬

189 2455 297 2515 gues,
310 2453 553 2513 crassitudine
571 2453 741 2513 pollicari
766 2453 942 2513 virentes,
954 2455 1124 2515 characię
1142 2455 1185 2515 ti¬

192 2506 361 2566 thymali
379 2504 514 2564 modo
538 2503 689 2563 infecti:
708 2504 799 2564 folia
817 2504 1000 2564 pinguia,
1012 2507 1188 2567 carnosa,

190 2555 451 2615 longitudine
475 2555 657 2615 pollicari,
663 2554 700 2614 in
718 2555 912 2615 cacumine
930 2555 1077 2615 linguae
1095 2557 1174 2617 simi

185 2609 252 2669 lia,
263 2608 330 2668 alia
352 2608 386 2668 in
403 2608 542 2668 terram
559 2606 760 2666 convexa,
777 2606 838 2666 alia
860 2607 894 2667 in
911 2608 1034 2668 capite
1056 2608 1184 2668 stantia

186 2659 385 2719 invicem,
402 2659 449 2719 ita
466 2658 507 2718 ut
530 2657 670 2717 ambitu
694 2656 863 2716 effigiem
875 2656 1080 2716 imitentur
1092 2659 1186 2719 ocu¬

187 2710 232 2770 li.
261 2708 444 2768 Nascitur
461 2707 495 2767 in
512 2707 729 2767 montibus,
746 2707 774 2767 &
791 2708 974 2768 testaceis:
991 2710 1094 2770 supra
1117 2710 1186 2770 do¬

186 2761 332 2821 micilia
356 2759 467 2819 etiam
485 2758 632 2818 seritur.
643 2758 666 2818 *
678 2758 772 2818 Ejus
790 2758 842 2818 vis
860 2758 1077 2818 refrigerare
1100 2759 1136 2819 &
1147 2760 1188 2820 a¬

182 2812 386 2872 stringere.
398 2810 602 2870 Medentur
620 2810 698 2870 igni
716 2810 836 2870 sacro,
848 2810 986 2870 nomis,
998 2812 1190 2872 uleeribus

197 2864 287 2924 quae
303 2863 474 2923 serpunt,
484 2861 692 2921 oculorum
708 2861 1102 2921 inflammationibus,
1117 2863 1192 2923 am¬

196 2911 313 2971 bustis
332 2913 431 2973 igni,
437 2914 616 2974 podagris
641 2914 697 2974 per
715 2914 765 2974 se,
771 2914 808 2974 &
820 2914 901 2974 cum
920 2914 1080 2974 polenta
1099 2914 1185 2974 illita

187 2965 306 3025 folia.
323 2965 470 3025 Succus
491 2965 600 3025 capiti
616 2965 649 3025 in
671 2965 893 3025 doloribus,
910 2965 991 3025 cum
1008 2965 1187 3025 polenta,

190 3016 261 3076 aut
283 3016 447 3076 rosaceo
469 3016 737 3076 perfunditur:
748 3016 863 3076 datur
885 3016 918 3076 in
945 3016 1043 3076 potu
1060 3017 1191 3077 contra

201 3067 505 3127 phalangiotum
523 3068 637 3128 ictus,
648 3067 923 3127 dysenteriam,
934 3067 1084 3127 alvique
1107 3065 1191 3125 pro¬

198 3116 330 3176 fluvia:
346 3118 480 3178 teretes
495 3119 618 3179 tineas
639 3119 751 3179 potus
772 3118 804 3178 in
814 3118 910 3178 vino
932 3116 1091 3176 excutit:
1107 3115 1187 3175 sub¬

194 3170 305 3230 ditus
328 3170 366 3230 in
383 3170 539 3230 vellere,
555 3169 761 3229 mulierum
783 3167 1067 3227 abundantiam
1084 3167 1189 3227 sistit.

199 3218 349 3278 Suecus
368 3221 576 3281 oculorum
588 3221 913 3281 lippitudinibus,
926 3220 1120 3280 sanguinis
1141 3218 1192 3278 vi¬

194 3277 251 3337 tio
279 3274 473 3334 conceptis
488 3274 703 3334 inungitur.
725 3274 1012 3334 Sempervivum
1026 3271 1184 3331 parvum

1250 154 1321 214 Iin
1341 155 1464 215 petris,
1477 155 1697 215 parietinis,
1710 157 1749 217 &
1762 157 1950 217 maceriis,
1963 160 2119 220 necnon
2138 166 2280 226 scrobi¬

1275 205 1351 265 bus
1374 206 1504 266 opacis
1527 208 1709 268 nascitur,
1726 209 1873 269 caulib.
1884 210 1926 270 ab
1949 211 2019 271 una
2037 214 2160 274 radice
2183 218 2277 278 mul¬

1266 256 1331 316 tis,
1343 257 1543 317 tenuibus,
1556 257 1685 317 crebrò
1709 260 1868 320 foliatis:
1880 262 2004 322 exilib.
2016 265 2134 325 foliis,
2139 268 2281 328 rotun¬

1269 307 1339 367 dis,
1351 308 1573 368 pinguibus,
1590 311 1848 371 mucronatis:
1865 313 1971 373 caule
1994 314 2006 374 à
2023 316 2157 376 medio
2181 320 2274 380 emi¬

1280 359 1407 419 cante,
1419 361 1593 421 palmum
1610 362 1703 422 alto,
1714 362 1935 422 umbellam
1947 366 2179 426 herbidosque
2196 371 2271 431 flo¬

1278 411 1351 471 res,
1362 412 1395 472 &
1413 412 1547 472 tenues
1565 412 1739 472 gerente.
1762 413 1863 473 Folia
1886 415 2032 475 eisdem
2049 418 2133 478 cum
2151 423 2280 483 priore

1275 460 1420 520 viribus
1436 463 1592 523 praedita
1615 463 1721 523 sunt.
1743 464 1905 524 Florent
1927 466 2050 526 majus
2084 469 2117 529 &
2139 472 2267 532 minus

1274 512 1382 572 Majo
1405 512 1439 572 &
1451 514 1571 574 Junio
1588 515 1805 575 mensibus.
1817 515 1982 575 Tertium
2005 518 2154 578 videtur
2171 521 2268 581 sem¬

1281 563 1419 623 pervivi
1436 563 1586 623 genus,
1604 563 1682 623 quam
1695 563 1814 623 aliqui
1832 566 2095 626 andrachnem
2114 574 2275 634 agriam,

1269 611 1329 671 aut
1352 614 1563 674 telephium
1580 616 1842 676 vocaverunt,
1853 617 2020 677 Romani
2037 622 2276 682 illecebram,

1283 664 1420 724 pusillis
1446 665 1734 725 crassioribusque
1753 667 1872 727 foliis,
1885 669 2054 729 hirsutis;
2067 675 2280 735 portulacae

1277 716 1480 776 proximis.
1496 716 1677 776 Floribus
1699 716 1732 776 in
1748 718 1852 778 Majo
1875 719 2022 779 tantùm
2045 722 2198 782 ornatur
2215 726 2274 786 lu¬

1272 766 1362 826 teis.
1387 767 1562 827 Nascitur
1580 768 1610 828 in
1634 769 1744 829 saxis,
1756 769 1956 829 sepulchris
1980 773 2186 833 umbrosis,
2198 779 2265 839 op¬

1273 818 1507 878 pidorumque
1520 818 1647 878 fossis.
1666 819 1736 879 Vis
1754 820 1787 880 ei
1806 822 2085 882 excalfactoria,
2097 826 2199 886 acris,
2212 828 2276 888 ex¬

1280 867 1478 927 ulcerans:
1499 871 1591 931 illita
1618 871 1703 931 cum
1731 872 1896 932 axungia
1922 874 2088 934 strumas
2114 881 2281 941 discutit.

1279 917 1513 977 Dioscorides.

1327 970 1650 1030 HYOSCIAMUS
1681 974 1966 1034 Jusquiamus,
1981 977 2096 1037 herba
2119 980 2282 1040 Apolli¬

1276 1019 1384 1079 naris,
1396 1021 1456 1081 seu
1473 1021 1629 1081 Altercum
1647 1024 1790 1084 (Germ.
1802 1027 2029 1087 Bilsentraut.
2041 1029 2149 1089 Gall.
2154 1033 2269 1093 Hane¬

1270 1069 1375 1129 bane.
1387 1072 1468 1132 Ital.
1474 1074 1716 1134 Hyosquiamo.
1728 1076 1839 1136 Hisp.
1852 1078 2006 1138 Velenno,
2019 1083 2254 1143 Meimendro.)

1275 1121 1391 1181 frutex
1415 1123 1455 1183 est
1473 1124 1601 1184 caules
1619 1126 1794 1186 emittens
1817 1129 1968 1189 crassos,
1986 1130 2079 1190 folia
2097 1133 2190 1193 lata,
2201 1135 2272 1195 ob¬

1260 1171 1399 1231 longa,
1411 1175 1544 1235 divisa,
1557 1177 1683 1237 nigra,
1695 1178 1860 1238 hirsuta:
1879 1180 1993 1240 flores
2012 1180 2024 1240 è
2043 1182 2164 1242 latere
2183 1186 2270 1246 cau¬

1256 1222 1306 1282 lis
1323 1224 1458 1284 ordine
1481 1227 1689 1287 prodeunt,
1706 1229 1897 1289 tanquam
1913 1231 2150 1291 punicorum
2166 1236 2263 1296 cyti¬

1265 1273 1331 1333 ni,
1349 1276 1499 1336 scutulis
1522 1278 1612 1338 septi
1630 1280 1815 1340 seminum
1833 1282 1983 1342 plenis,
2001 1283 2037 1343 ut
2055 1286 2264 1346 papaveris.

1272 1324 1361 1384 Tres
1385 1326 1457 1386 ejus
1480 1329 1719 1389 differentiae.
1748 1332 1831 1392 Una
1856 1334 1999 1394 semine
2016 1336 2142 1396 nigro,
2153 1336 2266 1396 flon¬

1264 1374 1339 1434 bus
1358 1377 1447 1437 penè
1472 1380 1681 1440 purpureis,
1700 1382 1864 1442 smilacis
1883 1384 2003 1444 foliis,
2017 1385 2150 1445 cytinis
2168 1387 2256 1447 prae¬

1267 1426 1376 1486 duris
1402 1427 1435 1487 &
1448 1430 1622 1490 spinosis.
1648 1433 1770 1493 Secus
1790 1435 1861 1495 vias
1880 1435 2029 1495 ubique
2042 1437 2120 1497 ferè
2132 1438 2261 1498 gigni¬

1266 1474 1319 1534 tur
1336 1477 1372 1537 in
1389 1481 1595 1541 sabulosis,
1607 1483 1642 1543 &
1654 1484 1753 1544 locis
1772 1484 1877 1544 haud
1895 1486 2065 1546 incultis.
2089 1489 2259 1549 Alterius

1268 1526 1394 1586 semen
1412 1531 1610 1591 subflavum,
1622 1533 1664 1593 ut
1682 1534 1837 1594 itionis:
1855 1536 1970 1596 flores
1994 1538 2101 1598 lutei,
2113 1540 2203 1600 folia
2227 1542 2263 1602 &

1270 1577 1412 1637 siliquae
1429 1583 1701 1643 simpliciores.
1713 1585 1759 1645 In
1776 1586 1895 1646 hortis
1918 1588 2134 1648 aliquando
2151 1589 2253 1649 inve¬

1260 1627 1379 1687 nitur.
1391 1631 1498 1691 ambo
1521 1633 1670 1693 insaniam
1682 1636 1861 1696 gignunt,
1873 1637 1908 1697 &
1920 1639 2129 1699 soporem:
2140 1639 2253 1699 ideo¬

1266 1679 1336 1739 que
1353 1681 1394 1741 in
1406 1683 1616 1743 communi
1640 1687 1703 1747 usu
1722 1688 1972 1748 damnantur.
2001 1690 2177 1750 Tertium
2194 1691 2264 1751 ge¬

1258 1729 1349 1789 nus,
1356 1732 1392 1792 ut
1416 1733 1527 1793 quod
1539 1736 1778 1796 mitissimum
1803 1738 1901 1798 esset,
1913 1739 2047 1799 medici
2066 1743 2262 1803 recepere,

1265 1783 1435 1843 pingue,
1447 1787 1746 1847 Ianuginosum,
1758 1790 1898 1850 molle,
1917 1790 2069 1850 candidi
2088 1792 2185 1852 floris
2209 1792 2264 1852 se¬

1262 1834 1485 1894 minisque,
1504 1837 1543 1897 in
1562 1838 1759 1898 maritimis
1778 1840 2065 1900 ruderibusque
2085 1844 2256 1904 nascens,

1265 1882 1376 1942 cujus
1404 1886 1554 1946 occasio
1581 1888 1609 1948 si
1631 1889 1715 1949 non
1737 1891 1854 1951 adsit,
1865 1892 1998 1952 rufum
2020 1892 2192 1952 usurpati
2209 1894 2247 1954 o¬

1263 1934 1412 1994 portet:
1433 1938 1545 1998 niger
1561 1939 1598 1999 ut
1614 1940 1870 2000 deterrimus,
1881 1943 2147 2003 improbatur.
2179 1947 2254 2007 Re¬

1266 1984 1363 2044 centi
1381 1988 1536 2048 semine,
1554 1991 1747 2051 caulibus,
1759 1993 1945 2053 foliisque
1963 1993 2053 2053 tusis
2072 1996 2204 2056 succus
2222 1999 2258 2059 in

1253 2034 1351 2094 Sole
1374 2040 1622 2100 exprimitur,
1634 2042 1674 2102 &
1685 2042 1858 2102 exiccato
1882 2043 2083 2103 humore,
2094 2046 2187 2106 usus
2204 2049 2250 2109 ad

1263 2086 1380 2146 annum
1393 2090 1473 2150 usque
1486 2093 1746 2153 prorogatur:
1764 2093 1857 2153 nam
1870 2093 1981 2153 facilè
2000 2097 2261 2157 corruptionem

1261 2138 1391 2198 sentit.
1409 2143 1627 2203 Extrahitur
1646 2144 1758 2204 etiam
1776 2144 1814 2204 ex
1832 2144 1926 2204 sicco
1944 2146 2087 2206 semine
2106 2148 2254 2208 separa¬

1261 2191 1329 2251 tim
1342 2192 1379 2252 in
1397 2194 1497 2254 aqua
1516 2194 1634 2254 calida
1652 2195 1739 2255 tuso
1759 2195 1796 2255 &
1808 2196 1994 2256 expresso.
2007 2198 2249 2258 Liquamen¬

1259 2241 1342 2301 tum
1367 2243 1492 2303 autem
1509 2245 1617 2305 succo
1634 2246 1760 2306 lacteo
1777 2247 2010 2307 praestantius
2033 2248 2105 2308 est,
2117 2248 2153 2308 &
2171 2249 2248 2309 ma¬

1268 2291 1322 2351 gis
1339 2294 1500 2354 dolores
1518 2296 1619 2356 finit.
1648 2297 1827 2357 Contusa
1844 2297 1963 2357 herbam
1975 2299 2117 2359 recens,
2123 2301 2248 2361 addita

1266 2343 1440 2403 trimestri
1458 2345 1589 2405 farina,
1601 2347 1781 2407 digeritur
1800 2347 1831 2407 in
1849 2348 2048 2408 pastillos,
2073 2350 2110 2410 &
2123 2351 2259 2411 recon¬

1266 2393 1386 2453 ditur.
1420 2398 1735 2458 Liquamentum
1752 2398 1936 2458 primum,
1948 2399 1982 2459 &
1994 2399 2108 2459 quod
2126 2401 2143 2461 à
2160 2402 2251 2462 sicco

1268 2444 1408 2504 semine
1427 2447 1610 2507 exemptum
1628 2449 1683 2509 est,
1701 2449 1884 2509 collyriis,
1903 2449 1988 2509 quae
2006 2450 2153 2510 doloris
2171 2452 2257 2512 sen¬

1271 2495 1353 2555 sum
1370 2497 1563 2557 auferunt,
1575 2498 1844 2558 commodissimè
1861 2500 1967 2560 inseri
1984 2500 2095 2560 solent.
2107 2501 2125 2561 *
2148 2501 2259 2561 Con¬

1276 2548 1323 2608 tra
1341 2549 1490 2609 acutas,
1501 2549 1692 2609 calidasque
1704 2549 1917 2609 fluxiones,
1930 2551 2084 2611 dolores
2108 2553 2250 2613 aurium

1266 2597 1380 2657 atque
1404 2600 1523 2660 vulvae
1548 2600 1643 2660 mala
1667 2600 1847 2660 prosunt:
1865 2600 1949 2660 cum
1972 2601 2093 2661 farina
2111 2605 2254 2665 autem,

1268 2648 1329 2708 aut
1351 2651 1525 2711 polenta,
1536 2651 1765 2711 oculorum,
1776 2650 1944 2710 pedum,
1955 2652 2263 2712 caeterarumque

1280 2701 1435 2761 partium
1452 2702 1791 2762 inflammationes
1813 2702 1953 2762 placant.
1964 2702 2103 2762 Semen
2120 2706 2253 2766 eadem

1275 2753 1411 2813 praebet
1428 2752 1525 2812 tussi,
1537 2752 1873 2812 destillationibus,
1885 2752 2095 2812 oculorum
2112 2755 2254 2815 fluxio¬

1259 2801 1320 2861 ni,
1337 2802 1377 2862 &
1388 2803 1595 2863 doloribus
1612 2803 1764 2863 efficax:
1781 2801 1910 2861 contra
1927 2803 2112 2863 mehsium
2129 2808 2258 2868 abun¬

1272 2854 1445 2914 dantiam
1474 2854 1516 2914 &
1534 2854 1801 2914 erumpentem
1825 2854 1985 2914 aliunde
2010 2859 2253 2919 sanguinem,

1273 2906 1392 2966 oboli
1409 2905 1576 2965 pondere
1600 2905 1677 2965 cum
1701 2905 1891 2965 papaveris
1915 2906 2081 2966 semine,
2099 2908 2134 2968 &
2146 2910 2253 2970 aqua

1276 2958 1393 3018 mulsa
1412 2957 1566 3017 bibitur:
1579 2956 1752 3016 podagris
1777 2956 1950 3016 subvenit
1968 2957 2123 3017 testibus
2142 2960 2253 3020 infla¬

1272 3008 1329 3068 tis,
1347 3007 1611 3067 mammisque
1628 3007 1869 3067 tumentibus
1886 3008 1904 3068 à
1921 3009 2053 3069 partu,
2065 3011 2196 3071 tritum
2220 3013 2260 3073 ex

1266 3061 1361 3121 vino
1379 3059 1557 3119 illinitur.
1575 3058 1664 3118 Aliis
1682 3058 1843 3118 quoque
1860 3061 2164 3121 cataplasmatis,
2175 3064 2258 3124 quae

1278 3110 1423 3170 doloris
1441 3109 1708 3169 levamentum
1732 3110 1918 3170 praestant,
1936 3110 2127 3170 admisceri
2145 3112 2255 3172 solet.

1271 3164 1374 3224 Folia
1396 3161 1580 3221 omnibus
1603 3160 1901 3220 medicamentis
1924 3160 2101 3220 dolorem
2119 3161 2256 3221 sedan¬

1273 3215 1391 3275 tibus,
1404 3215 1456 3275 pet
1477 3215 1561 3275 sese,
1574 3214 1614 3274 &
1627 3214 1666 3274 ex
1687 3212 1837 3272 polenta
1857 3212 2047 3272 utilissimè
2067 3213 2099 3273 in

1274 3256 2237 3347 tut, recentiaa ad mitigandos omne genus dolores
