2479 3508
249 122 381 182 163

754 112 1159 172 Antidotari
1198 109 1475 169 specialis
1538 109 1691 169 Lib.
1703 111 1765 171 I.

2155 112 2297 172 164

235 171 1261 251 oblinuntur: cum vino terna quatermave pota sa¬
220 237 1230 298 nant algidas febres, quas epialas vocant. Cocta
238 289 1230 349 olerum modo folia, si acetabuli mensura man¬
236 325 1226 399 duntur, mediocrem insaniam gignunt Idem ef¬
239 388 1244 454 ficere tradunt, si colo ulcus sentiente, infundan¬
231 444 1243 516 tur. Radice in aceto decocta, dentes in dolore
235 494 1238 561 colluuntur. Colligitur mense Maji vel Junii.
243 535 930 619 Conservatur per annum. Dioscor.
359 597 1048 691 De foliis frigidis in quarto.
293 657 1234 754 CICuTA (German Schirtling/ Wuzeling Gall.
251 730 1241 807 Cigue. Hisp. Ceguta canaheia.) vulgaris notitiae est
258 790 1240 848 planta: caulem edit genitulatum, ut foeniculi,
238 840 1233 900 grandem: folia ferulae, angustiora gravi odora¬
231 877 1236 954 tu: rami, mox umbellę in summo prodeunt: flo¬
235 937 1247 1006 res quoque albicantes, & semen aniso candidius:
245 989 1237 1043 radice non altà, concava. Nascitur plerunque pro¬
241 1035 1246 1107 pe urbium & oppidorum moenia, locis umbrosis
245 1086 1229 1155 & pinguibus. Cum floribus Julio, semine prae¬
242 1140 1247 1206 gnantem Augusto, ac seriùs videre est. * Cicutae
244 1192 1246 1258 lethale venenum in est, suaque vi refrigeratoria
232 1242 1239 1308 necat. Remedio est vini meraculi potus. Succus
238 1293 1240 1363 exptimitur contusis cacuminibus, priusquam se¬
236 1345 1241 1416 mina & comę siccescant: qui Sole densatur in pa¬
230 1394 1237 1459 stillos. Multus ad medendi rationem usus est a¬
242 1444 1244 1515 ridi: commodè miscetur collyriis, quae levandi
244 1497 1247 1566 doloris gratia temperantur: ignes sacros & ulce¬
233 1549 1246 1625 ra quae serpunt, illitu restinguit. Herba cum co¬
233 1598 1240 1667 ma trita, & testib. circumlita, libidinum imagi¬
229 1650 1249 1706 nationes in somno compescit, sed genitale re¬
238 1704 1235 1773 solvit: lac puerperarum mammis apposita extin¬
242 1755 1239 1815 guit: in virginitate mammas coërcet, & incre¬
239 1809 1236 1871 scerè non patitur. pueris praestat, ut eorum testi¬
233 1861 1248 1927 culi cibum non sentientes intabescant. Efficacissi¬
231 1903 1241 1970 ma vis Creticae, Megarensi, mox Atticae, & in
244 1961 932 2025 Chio & Cilicia nascenti. Dioscor.
270 1991 1245 2077 PAPAVER, Germ. dicitur Magsaamen. Gall. Du
238 2038 1243 2124 pauot. Ital. Papauero Hisp. La dormidera. Hujus a¬
242 2118 1237 2177 pud Dioscoridem sex sunt genera. Primum syl¬
241 2163 1246 2224 vestre, hoeas dictum, omnibus notum. Alterum
241 2217 1248 2268 candidum, capitibus oblongis, candidis, semine
242 2265 1244 2316 albo: hoc etiam notum. Tertium & quartum ni¬
248 2313 1258 2384 gium, è quibus colligitur opium: semine nigro:
230 2368 1242 2434 utrunque a Dioscoride papaver sylvestre etiam di¬
234 2416 1242 2470 citur: & illud notum. Quintum papaver corni¬
232 2464 1235 2523 culatum: sic dictum, quòd caput non proferat: sed
229 2522 1237 2588 siliquam oblongam & rotundam in corniculi
228 2569 1233 2625 modum, florem luteum, vulgò notum. Sextum
232 2620 1242 2684 papaver spumeum vocatur: hoc incognitum est.
236 2672 1241 2721 Qupties papavetis simpliciter & sine adjectio¬
233 2720 1240 2791 ne mentio fit, semper domesticum, hoc est, album
239 2775 1236 2840 intelligendum est. Nascitur sylvestre in campe¬
226 2823 1236 2883 stribus. Colligitur mense Maji. Reliqua genera
225 2875 1242 2943 in viridariis & campestrib gignuntur. * Omnium
231 2934 1239 2997 (excepto corniculato & spumeo) in commune
233 2986 1240 3054 natura refrigeralfix. Quare si capiia ipsa & fo¬
219 3028 1239 3109 lia decoquanturin aqua, somnum sotu conci¬
230 3076 1232 3138 liabunt. Bibitur decoctum contra vigilias. Ca¬
229 3127 1237 3194 lyces cum polenta triti, & cataplasmatis admi¬
229 3183 1234 3264 sti, ignibus sacris & inflammationibus prosunt.
233 3236 1220 3307 Tunduntur quoque virides, & digeruntur in pa¬
238 3287 1241 3367 stillos, qui siccati adusum reconduntur. Capita
1261 169 2301 246 [A] quoque per se in aqua coquuntur ad dimidias,
1301 226 2310 282 iterumque adjecto melle, dum humor coëat in
1303 277 2308 339 eclegmatis lentorem. Id medicamentum in tus¬
1313 323 2318 403 si, atteriae fluxionibus, & coeliacorum affectu,
1314 378 2311 437 doloris levamentum praebet, efficacius tamen
1295 431 2321 500 redditur, addito hypocistidis succo & acacia.
1304 474 2319 545 Papaveris nigri semen tritum cum vino bibitur,
1309 530 2319 598 contra citam alyum, & foeminarum profluvia
1302 578 2317 656 in pervigiliis fronti, temporibusque illinitur ex
1303 636 2086 716 aqua. Dioscorides, & Medici Florentini.
1487 711 2115 780 [B] De foliis humidis in primo.
1348 749 2315 841 HUMIDA in primo sunt, Buglossum, Intybum,
1312 809 2238 890 Malva, Helxine, &te. de quibus suprà quaere.
1486 869 2124 967 De foliis humidis in secundo.
1372 906 2321 1003 VIOLA purpurea (Germ. Mergen violen. Gall.
1307 980 2318 1066 Violette de Mars. Ital. Viola. Hisp. Violeta.) folium
1301 1047 2318 1110 habet hedera minus, tenuius, ac nigrius, nec
1307 1099 2315 1170 multò dissimile: cauliculus à radice medius
1312 1152 2312 1211 prodit, in quo flosculus suavissimè olens, pur¬
1306 1200 2316 1272 [C] pureus. Opacis & asperis nascitur locis. Colligi¬
1315 1253 2317 1309 tur mense Martio & Aprili. * Refrigerandi na¬
1315 1307 2320 1366 turam habet. Folia per se, & ex polenta illinuntur
1307 1357 2314 1425 aptissimè stomacho aestuanti, & oculorum in¬
1318 1399 2300 1481 flammationibus, sedique procidenti. Dioscorides.
1365 1460 2324 1517 NYMPHAEA seplasiariis Mauritano nomine
1310 1497 2323 1584 Nenuphar, Germ. Seeblumen / Wassermahen. Gall.
1301 1564 2319 1627 Blanc d’eau, ou Iaulne d'eau appellatur. Ejus ge¬
1314 1614 2324 1688 nera duo. Primum foliis fabae Aegyptiae, mino¬
1316 1669 2329 1729 ribus & longioribus, aliis in summa aqua, aliis
1301 1713 2324 1789 [D] demersis, pluribus ex radice eadem prodeunti¬
1310 1763 2322 1845 bus: flore lilio simili, albo, & in medio crocos
1301 1809 2329 1891 habente, cùm deflotuerit, ut rotundum malum,
1307 1877 2338 1955 aut papaveris caput, extuberans nigro semine,
1318 1919 2328 1993 denso & lato, lenti gustus. Caulis est lęvis, niger,
1308 1982 2324 2048 minimè crassus, Aegyptiae fabae cognatus radix
1313 2028 2328 2102 nigra, scabra, clavae similis, quę autunno scratur.
1307 2071 2320 2139 * Sicca tum vino pota coeliacis dysentericisque au¬
1306 2109 2313 2189 xiliatur, & lienem absumit. Radix stomachiac ve¬
1300 2184 2318 2258 sicae dolorib. illinitur. vitiligines ex aqua emen¬
1302 2235 2317 2292 [E] dat: imposita cum pice, alopeciis medetur. ea¬
1306 2280 2332 2353 dem contra Veneris insomnia bibitur: siquidem
1318 2336 2318 2404 ea prorsus adimit. pota assiduè aliquot diebus,
1312 2380 2320 2465 genitale infirmat. Idem semen potum efficit. Al¬
1316 2443 2316 2507 terum genus nymphaeae, cujus flos blephara di¬
1300 2489 2318 2548 citur, foliis apte dictae: radicę alba, scabra: flore
1312 2533 2330 2602 luteo, nitente, rosae simili. Hujus semen & radixi
1307 2593 2322 2652 contra foeminarum profluvia efficaciter ex vino
1308 2649 2318 2715 nigro bibuntur. Nascitur uttunque genus in pa¬
1304 2687 2330 2774 ludibus, lacubus & aquis stagnanubus. Flores
1304 2739 2319 2804 [F] in fine Maji, & Junio mense colliguntur. Radi¬
1302 2794 2325 2865 ces autem in Autumno effodiuntur. Dioscorides.
1353 2845 2308 2920 SUNT& HUMIDA in secundo, Atriplex. Bli¬
1295 2870 2321 2978 tum. Lactuca. Potulaca, &c. de quibus omni¬
1305 2945 1640 3023 bus vide suprâ.
1547 2999 2094 3109 De foliis siccis in primo.
1348 3067 2326 3178 VERBASCUM, seu Tapsum barbatum Gem¬
1295 3140 2316 3221 Wullkraut / Kerzenkraut. Gall Bouillon blanc, ou bo¬
1303 3203 2306 3267 uillon noir. Ital. Tasso barbasso Hisp. Verbasco, ò gor¬
1304 3248 2324 3325 dobolo) differentias summas habet dua:: hoc nigrum,
1306 3296 2257 3377 illud album: in quo mas & foemina intelligitur.
2111 3373 2298 3409 Foeminae
