2479 3508
199 101 325 137 165
722 98 1689 133 De Foliis siccis in secundo.
2105 98 2229 130 166
173 148 1206 213 Foeminae igitur folia sunt brassicae, pilosiora
182 199 1164 263 multò, & latiora, candida: caulis albus, cubitalis,
182 254 1180 306 aut amplior, subhirsutus: flores albi, aut ex luteo
191 311 1179 373 pallescentes: semen nigrum: radix longa, gustu a¬
175 352 1180 403 cerba, crassitudine digiti. Nascitur in campestri¬
192 405 1186 462 bus. Verbascum qui mas appellatur, oblongius,
185 455 1189 515 albis foliis, & angustioribus, tenuiori caule. Sed
185 507 1177 565 nigrum prorsus albo simile esset, nisi nigriore
179 554 1172 622 latioreque constaret folio. Sylvestre folia refert
183 611 1167 673 salviae: altas virgas & lignosas, & circa eas ra
172 664 1199 723 mulos, quales martubium: flores luteos, auri ae¬
173 721 1167 776 mulos. Sunt & Phlomides duae, hirsutae, rotun¬
182 764 1168 824 dis foliis, humiles. Tertia lichnitis appellatur,
184 824 1173 882 ab aliis autem thiyallis, foliis ternis aut quater¬
179 863 1182 917 nis, vel paulò pluribus, hirsutis, crassis, pingui¬
186 914 1177 977 busque: apta ad lucernarum lumina. *Radix
194 970 1176 1029 priorum duarum astringit: quare quòd magni¬
176 1023 1182 1070 tudine ludietum talum aequet, in alvi profluvio
185 1076 1171 1141 convenienter ex vino datur. Decoctum ruptis,
183 1129 1181 1184 convulsis, fractis, antiquae tussi auxiliatur: den¬
175 1168 1197 1229 tium dolorem collutione mitigat. Verbascum,
186 1227 1176 1282 cui flos aureus, capillos tingit, & quocunque ab¬
200 1274 1178 1329 liciatur, blattas in se contrahit. Cocta in aqua
178 1333 1170 1388 folia, adversus tumores & oculorum inflamma¬
176 1378 1182 1449 tiones illinuntur: syderatis ulceribus ex vino &
192 1427 1176 1486 melle, cum aceto autem vulneribus medentur:
182 1482 1185 1544 contra scorpionum ictus sunt auxilio. Sylvestris
185 1525 1176 1597 folia ambustis igni sunt cataplasmata. Ajunt in
194 1579 1178 1638 foliis ejus, quam foeminam dicimus, aridos fi¬
189 1635 1009 1692 cus omninò non putrescere. Dioscorides.
220 1676 1178 1744 SICCA in gradu primo etiam sunt Beta, Bras
179 1733 1180 1793 sica, Chamomilla, Foeniculum, Hyacinthus, Ma¬
179 1783 1185 1852 labathrum, Myrtus, &c. de quibus omnibus vi¬
197 1836 402 1914 de suprà.
383 1883 972 1992 De foliis siccis in secundo.
230 1968 1159 2044 MARINA brassica, officinis Soldanella. Belg
185 2031 1178 2092 Zeewind / id est, convolvulus marinus vocatur,
197 2079 1186 2140 spargit per terram graciles viticulos, subrubentes
189 2127 1192 2200 cauliculos, circa quos in longioribus pediculis
192 2179 1189 2242 folia hederacea lęvia, splendentia, sed lata & sub¬
189 2234 1192 2300 rotunda. Flores calathi formam similiter referunt,
190 2285 1186 2339 diluto purpureo colore subrubent, semen in ro¬
184 2336 1180 2389 tundis folliculis nigricat. radix oblonga, tenuis.
197 2386 1188 2443 Saporem herba amarum ac subsalsum à natali
197 2434 1188 2502 contrahit solo. Nascitur enim in maritimis. Re¬
193 2489 1182 2563 peritur verò non modò in Italia, aut Gallia, ve¬
195 2542 1192 2603 rùm & in Zelandiae insulis, Flandriae, ac Hollan¬
202 2596 1190 2653 diae littoribus. Aestivis mensibus floret. Calida
188 2641 1188 2696 autem & sicca temperie est, & tertio quidem ex¬
195 2703 1206 2758 cessu, uti amara salsilaginem cum acredine qua¬
196 2744 1206 2805 dam referens, gustabilis ejus qualitas ostendit.
197 2797 1187 2869 * Alvu purgat: eruda & aquosa detrahit: hydro¬
209 2853 1183 2915 picis censetur utilis: adversatur tamen ventricu¬
202 2912 1203 2961 lo: torsiones & molestias adfert: plus subinde
200 2951 1191 3019 incommodi, quàm auxilii confert. Testatur haec
196 3001 1206 3072 quoque Dioscorides: Tota, inquit, herba stoma¬
205 3060 1197 3127 cho incommoda est, acris, alvum maximè solvit
193 3111 1197 3174 cocta in ciboque sumpta. Coquunt cum ea qui¬
197 3161 1203 3226 dam, ad obtundendam acrimoniam, pingues
206 3211 1002 3279 carnes. Conservatur per annum. Diosc.
266 3258 1194 3325 BURSA PASTORIS (Ger. Tescheltrank & Hir¬
1207 148 1227 208 A
1253 146 1403 206 tenseckei
1416 146 1587 206 vocant)
1606 146 1731 206 planta
1757 146 1934 206 omnibus
1954 146 2072 206 vulgò
2091 147 2235 207 notissi¬

1248 197 1399 257 maest.
1428 198 1602 258 Nascitur
1625 197 1741 257 prope
1753 197 1852 257 vias,
1863 197 1892 257 &
1904 197 1938 257 in
1962 197 2165 257 parietinis.
2177 197 2240 257 Ju¬

1254 249 1326 309 nio
1351 250 1381 310 &
1399 250 1496 310 Julio
1520 248 1715 308 mensibus
1733 247 1892 307 legitur.
1904 247 1934 307 *
1952 247 2001 307 Ex
2019 248 2244 308 refrigeran¬

1247 301 1375 361 tium,
1391 299 1643 359 exiceantium
1671 299 1705 359 &
1716 299 2006 359 astringentium
2028 301 2168 361 genere
2190 302 2251 362 est.

1259 352 1517 412 Quapropter
1539 352 1694 412 prodest
1717 352 1861 412 attrita,
1878 352 1918 412 &
1930 352 2125 412 emplastri
2142 352 2250 412 more

1257 402 1462 462 imposita,
1474 402 1860 462 inflammationibus
1889 401 1924 461 &
1942 401 2047 461 sacris
2070 403 2247 463 ignibus.

1257 454 1368 514 Deco
1379 454 1507 514 quitur
1530 452 1686 512 pluviali
1708 452 1809 512 aqua
1837 452 1926 512 cum
1949 452 2178 512 plantagine
2205 452 2244 512 &

1255 503 1440 563 Armenio
1457 503 1538 563 luto
1560 502 1789 562 bibiturque
1805 502 1887 562 ejus
1903 502 2111 562 decoctum
2127 502 2171 562 ad
2187 502 2241 562 in¬

1253 554 1482 614 testinorum
1500 554 1757 614 difficultatem,
1774 553 1807 613 &
1824 553 1880 613 lad
1902 553 2076 613 eruentas
2093 553 2249 613 excrea¬

1251 605 1398 665 tiones.
1409 605 1550 665 Herbae
1567 604 1692 664 succus
1708 604 1871 664 recentia
1888 604 2040 664 vulnera
2062 604 2241 664 glutinat,

1213 658 1297 718 &
1313 658 1475 718 auribus
1503 655 1714 715 purulentis
1743 654 1887 714 infusus
1909 653 2111 713 medetur.
2138 653 2266 713 Sistit.

1253 706 1448 766 mensium
1465 707 1760 767 abundantiam,
1771 706 1794 766 si
1816 706 1889 766 ejus
1911 704 1944 764 &
1961 704 2162 764 persicariae
2178 705 2246 765 de¬

1253 758 1369 818 cocto
1393 758 1579 818 insideant
1596 757 1788 817 mulieres.
1811 755 1997 815 Esturque
2021 754 2061 814 ad
2078 754 2195 814 idem,
2206 754 2241 814 &

1257 809 1393 869 contia
1415 809 1585 869 denique
1612 808 1748 868 omnes
1765 806 1957 866 sanguinis
1979 805 2175 865 fluxiones
2197 805 2246 865 ef¬

1253 859 1351 919 ficax
1375 859 1439 919 est,
1456 859 1561 919 tenui
1584 859 1759 919 pulticula
1783 857 2016 917 circumlita,
2033 856 2074 916 &
2091 856 2132 916 in
2150 857 2236 917 oleo

1254 911 1365 971 frixa.
1394 910 1565 970 Additur
1583 910 1618 970 in
1635 908 1864 968 emplastris,
1876 907 1958 967 quae
1975 907 2017 967 ad
2040 907 2169 967 capitis
2187 907 2245 967 ul¬

1262 961 1338 1021 cera
1366 962 1692 1022 componuntur,
1709 961 1741 1021 &
1757 960 1795 1020 in
1817 959 2030 1019 unguentis
2057 958 2241 1018 complu¬

1247 1013 1378 1073 ribus.
1389 1010 1617 1070 Matthiolus.

1308 1061 1604 1121 EQUISETUM,
1623 1061 1787 1121 officinis
1806 1061 1925 1121 cauda
1944 1060 2095 1120 equina,
2114 1060 2246 1120 Germ.

1260 1112 1488 1172 Schaffthew.
1500 1111 1600 1171 Gall.
1611 1111 1734 1171 Queue
1751 1111 1793 1171 de
1810 1111 1945 1171 cheual.
1957 1111 2044 1171 Ital.
2050 1111 2132 1171 Coda
2155 1109 2179 1169 di
2197 1109 2249 1169 ca¬

1206 1167 1363 1227 uallo,
1375 1163 1521 1223 asprella.
1533 1162 1636 1222 Hisp.
1655 1161 1722 1221 Cola
1740 1160 1771 1220 de
1789 1160 1898 1220 mula,
1916 1160 1995 1220 rabo
2013 1160 2049 1220 de
2068 1160 2153 1220 mula
2171 1160 2245 1220 no¬

1245 1216 1444 1276 minatur:
1462 1214 1502 1274 in
1520 1213 1637 1273 tiguis
1661 1213 1695 1273 &
1707 1211 1906 1271 scrobibus
1929 1210 2111 1270 nascitur.
2122 1210 2245 1270 cauli¬

1254 1267 1330 1327 culi
1347 1264 1704 1324 prodeuntinanes,
1716 1262 1938 1322 geniculati,
1950 1261 1991 1321 in
2008 1261 2038 1321 se
2055 1261 2172 1321 farcti,
2184 1261 2242 1321 ru¬

1259 1316 1480 1376 bescentes,
1492 1315 1625 1375 leniter
1642 1313 1777 1373 scabri:
1794 1312 1823 1372 &
1834 1312 1974 1372 juncea
1992 1312 2085 1372 circa
2108 1312 2166 1372 eos
2184 1313 2253 1373 fo¬

1257 1369 1327 1429 lia,
1344 1367 1501 1427 crebra,
1519 1365 1635 1425 exilla.
1659 1364 1693 1424 In
1716 1363 1874 1423 sublime
1891 1361 2077 1421 attollitur
2089 1361 2239 1421 vicinos

1260 1417 1444 1477 arborum
1460 1415 1639 1475 caudices
1655 1413 1868 1473 scandens,
1885 1412 2170 1472 obvolutumque
2186 1413 2247 1473 de¬

1257 1468 1414 1528 pendet,
1432 1468 1560 1528 comis
1577 1466 1723 1526 multis,
1735 1465 1869 1525 nigris,
1881 1465 1928 1525 ut
1945 1463 2103 1523 equorum
2114 1465 2248 1525 tauda:

1261 1519 1363 1579 radix
1380 1518 1548 1578 lignosa,
1554 1517 1661 1577 dura.
1673 1517 1690 1577 *
1715 1516 1780 1576 Vis
1798 1516 1935 1576 herbae,
1947 1516 2114 1576 spissare:
2132 1516 2245 1576 quare

1251 1568 1486 1628 sanguinem
1504 1568 1657 1628 naribus
1680 1567 1945 1627 erumpentem
1962 1565 2092 1625 succus
2109 1564 2185 1624 ipse
2204 1564 2250 1624 si¬

1250 1618 1327 1678 stit:
1338 1619 1495 1679 prodest
1512 1619 1757 1679 dysentericis
1774 1618 1808 1678 in
1825 1616 1913 1676 vino
1931 1616 2076 1676 potus:
2092 1616 2243 1676 urinam

1205 1675 1234 1735 D
1257 1673 1321 1733 cit.
1332 1669 1640 1729 Sanguinolenta
1664 1667 1821 1727 vulnera
1838 1667 2064 1727 glutinantur,
2070 1666 2163 1726 tritis
2181 1666 2244 1726 fo¬

1253 1723 1316 1783 liis
1339 1721 1373 1781 &
1384 1721 1504 1781 illitis:
1516 1720 1630 1780 Radix
1653 1720 1733 1780 cum
1750 1718 1813 1778 sua
1830 1718 1944 1778 herba
1967 1717 2103 1777 tussim,
2115 1717 2252 1777 ortho¬

1257 1774 1426 1834 pnoeam.
1438 1771 1631 1831 ruptaque
1648 1769 1806 1829 adjuvat
1829 1768 1940 1828 Foliis
1958 1768 1993 1828 in
2011 1768 2110 1828 aqua
2127 1768 2250 1828 potis,

1260 1823 1505 1883 dissectiones
1522 1820 1651 1880 vesicae
1667 1820 1706 1880 &
1723 1818 2025 1878 intestinorum,
2041 1817 2248 1877 enteroce¬

1253 1876 1379 1936 laeque
1403 1875 1439 1935 in
1457 1873 1577 1933 unum
1594 1871 1810 1931 coalescere
1829 1870 1960 1930 cogique
1973 1867 2164 1927 feruntur.
2182 1867 2248 1927 Al¬

1260 1927 1385 1987 terum
1407 1925 1582 1985 equisetum
1598 1922 1713 1982 caulis
1734 1921 1778 1981 est
1795 1920 1942 1980 rectus,
1958 1919 2089 1979 cubito
2111 1919 2248 1979 major,

1259 1976 1402 2036 inanis:
1418 1976 1535 2036 comis
1556 1975 1615 2035 per
1631 1973 1822 2033 intervalla
1843 1969 2103 2029 brevioribus,
2114 1969 2242 2029 candi¬

1252 2027 1450 2087 dioribus,
1466 2027 1499 2087 &
1516 2024 1790 2084 mollioribus.
1812 2021 1856 2081 Id
1872 2020 1954 2080 cum
1971 2020 2080 2080 aceto
2103 2021 2250 2081 tritum,

1263 2077 1485 2137 vulncribus
1502 2076 1675 2136 remedio
1697 2074 1758 2134 est,
1770 2072 1982 2132 eademque
1998 2071 2171 2131 fungitur
2188 2071 2243 2131 fa¬

1264 2129 1420 2189 cultate.
1442 2128 1648 2188 Utrunque
1664 2125 1787 2185 aestate
1814 2124 1887 2184 suis
1909 2123 1948 2183 in
1965 2123 2059 2183 locis
2081 2123 2243 2183 copiosè

1214 2189 1231 2249 E
1261 2181 1459 2241 provenit.
1465 2177 1686 2237 Dioscorides.

1312 2229 1607 2289 GINGIDIUM
1624 2226 1774 2286 (Germ.
1786 2224 2009 2284 Kerbeitraut.
2020 2224 2120 2284 Gall.
2131 2224 2187 2284 Du
2198 2224 2248 2284 cer

1266 2282 1382 2342 fucil.)
1400 2281 1434 2341 in
1452 2279 1551 2339 Syria
1574 2278 1609 2338 &
1626 2278 1760 2338 Cilicia
1777 2276 1987 2336 plutimum
2004 2275 2179 2335 nascitur.
2196 2273 2248 2333 A¬

1259 2333 1335 2393 pud
1352 2332 1423 2392 nos
1440 2330 1557 2390 hodie
1581 2329 1704 2389 passim
1727 2327 1756 2387 in
1774 2326 1897 2386 hortis
1920 2326 2066 2386 colitur.
2078 2324 2247 2384 Heibula

1269 2383 1308 2443 est
1331 2383 1490 2443 sylvestri
1507 2381 1689 2441 pastinacę
1712 2378 1854 2438 similis,
1859 2377 2012 2437 tenuior
2030 2375 2058 2435 &
2075 2374 2251 2434 aniarior:

1261 2434 1389 2494 radice
1410 2432 1533 2492 parva,
1544 2431 1779 2491 candicante,
1790 2428 2009 2488 subamara.
2020 2425 2127 2485 Majo
2148 2423 2255 2483 men¬

1268 2482 1296 2542 se
1313 2483 1455 2543 floret,
1473 2483 1507 2543 &
1518 2482 1678 2542 subinde
1695 2480 1820 2540 semen
1837 2478 1997 2538 profert.
2014 2476 2043 2536 *
2060 2476 2157 2536 Olus
2180 2476 2253 2536 hoc

1265 2535 1435 2595 crudum,
1451 2534 1605 2594 coctum
1621 2531 1879 2591 conditumve
1901 2528 2005 2588 estur,
2016 2527 2152 2587 magna
2175 2525 2256 2585 sto¬

1270 2587 1398 2647 machi
1409 2585 1583 2645 utilitate.
1600 2584 1746 2644 urinam
1763 2582 1836 2642 cit.
1858 2580 2089 2640 Decoctum
2111 2578 2150 2638 ex
2166 2575 2256 2635 vino

1265 2638 1427 2698 potum,
1439 2636 1562 2696 vesicae
1579 2635 1747 2695 prodest.
1758 2632 1978 2692 Dioscorides.

1310 2686 1808 2746 VIRGAPASTORALIS,
1819 2682 1876 2742 seu
1899 2681 2099 2741 Dipsacus,
2111 2678 2259 2738 (Geim.

1274 2737 1492 2797 Kartendisiet
1513 2735 1524 2795 /
1551 2732 1812 2792 Webertarten.
1840 2731 1943 2791 Gall.
1959 2729 2116 2789 Chardon
2138 2729 2154 2789 à
2177 2728 2258 2788 car¬

1271 2792 1354 2852 der,
1365 2789 1470 2849 Verge
1486 2788 1497 2848 à
1515 2786 1658 2846 Berger,
1669 2784 1708 2844 ou
1730 2783 1879 2843 Chardon
1907 2782 1918 2842 à
1934 2780 2056 2840 Faulon
2078 2779 2260 2839 nomina¬

1271 2844 1343 2904 tur)
1355 2839 1618 2899 aculeatarum
1635 2835 1781 2895 generis
1803 2833 1865 2893 est.
1893 2831 2056 2891 Caulem
2072 2830 2190 2890 habet
2207 2830 2263 2890 al¬

1273 2895 1389 2955 bum;
1401 2891 1518 2951 spinis
1530 2887 1756 2947 horridum:
1769 2884 1872 2944 foliis
1891 2883 2062 2943 lactucae,
2074 2882 2258 2942 spinosis,

1273 2947 1388 3007 binis,
1400 2943 1571 3003 genicula
1595 2939 1736 2999 singula
1760 2935 2095 2995 complectentibus,
2107 2933 2260 2993 pręlon¬

1272 2999 1353 3059 gis,
1364 2996 1434 3056 ceu
1452 2992 1609 3052 quasdam
1621 2989 1743 3049 bullas
1760 2987 1859 3047 intùs
1882 2987 1916 3047 &
1935 2986 2027 3046 extra
2051 2986 2259 3046 aculeatas,

1277 3052 1309 3112 in
1330 3047 1426 3107 dorsi
1442 3043 1575 3103 medio
1590 3040 1840 3100 habentibus,
1856 3038 2031 3098 concavo
2053 3036 2196 3096 alarum
2212 3034 2260 3094 si¬

1271 3101 1341 3161 nu,
1353 3100 1382 3160 in
1399 3096 1475 3156 quo
1498 3094 1621 3154 imber
1639 3091 1697 3151 aut
1708 3091 1773 3151 ros
1796 3089 2007 3149 asservetur:
2018 3088 2117 3148 unde
2135 3086 2264 3146 dipsa¬

1277 3152 1320 3212 ei,
1331 3149 1434 3209 quasi
1451 3145 1625 3205 sitientis,
1642 3143 1761 3203 nomen
1778 3140 1892 3200 traxit.
1903 3139 1941 3199 In
1958 3137 2159 3197 cacumine
2175 3134 2262 3194 cau¬

1266 3203 1332 3263 lis,
1350 3199 1494 3259 singula
1512 3196 1668 3256 surculis
1692 3193 1854 3253 capitula
1872 3190 2010 3250 insunt,
2028 3187 2220 3247 oblonga,
2232 3184 2275 3244 e¬

1278 3256 1429 3316 chinata
1447 3254 1574 3314 spinis:
1592 3250 1677 3310 quae
1695 3247 1865 3307 arefacta,
1877 3242 2035 3302 candida
2053 3241 2260 3301 spectatur,
