2479 3508
2133 80 2266 140 168

775 98 1183 158 Antidotarii
1207 94 1483 154 specialis
1507 92 1662 152 Lib.
1674 92 1734 152 I.

217 75 371 185 167
205 149 1229 242 dissectaque medullatenus, vermiculos ostendunt.
209 219 1243 281 * Sanat rimas sedis, fistulasque si tusa & decocta
202 271 1218 346 in vino radix, usque dum sit crassitudo cerae, im¬
211 323 1224 400 mittatur. Medicamentum aerea pyxide recon¬
212 371 1225 441 dendum. Ajunt formicationibus, verrucisque pen¬
203 417 1223 496 silibus remedio esse. Vermiculi capitulorum in
208 478 1216 550 folliculo alligati collo, aut brachio appensi, pro¬
216 523 1227 597 duntun quartanis febrib. remedio esse. Dipsaci
210 578 1236 651 spinae radix secundo ordine exiccatoria est, ha¬
215 627 1233 706 betque nonnihil abstersorium. Nascitur in cam¬
227 673 1273 765 pestribus, in agrorum & scrobium aggetibus,
225 731 1235 802 in viis juxta sepes. Colligitur tempore autumni.
218 801 701 862 Dioscorides, & Galenus.
266 833 1232 900 SICCANT quoque in secundo Arthemisia,
219 891 1234 953 Anethum viride, Cassutha, Intybum, Plantago,
221 942 1241 1005 Mentha, Menthastrum, Spica nardi, Verbena¬
220 995 847 1063 ca, &c. de quibus vide supra.
451 1051 997 1147 De foliis siccis in tertio.
248 1105 1250 1201 FILIX (Germ. Farnkraut / Waldfarz. Gall. Feu¬
217 1180 1281 1258 chiere. Ital. Filice, felce. Hisp. Helecho dicitur) mas,
208 1243 1241 1308 foliis sine caule, sine fructu, sine flore, ex uno
220 1298 1233 1364 pediculo cubitali longitudine exeuntibus, mul¬
231 1350 1226 1411 ifidis, & lateribus pinnatis, subgravi odore: radi¬
217 1392 1240 1452 ce per summa cespitum, nigra, oblonga, filices
226 1452 1233 1512 multas fundente, subastringente gustu. * Radix
223 1505 1241 1571 latas tineas excutit, sumpta drachmis quatuor
223 1560 1235 1613 ex aqua mulsa: meliùs, si cum scammoniae aut ve¬
211 1606 1234 1663 ratri nigri totidem obolis detur: sed qui sumunt,
223 1653 1238 1715 allia pręgustare debent. laborantes lienis incre¬
219 1710 1273 1774 mento recreat. Radix & potu, & illitu cum axun¬
227 1769 1240 1828 gia vulneribus sagitta harundin ea factis, est au¬
215 1814 1233 1872 xilio. cujus rei probatio talis fertur. Peribit fi¬
220 1860 1243 1920 lix, quam per ambitum sata copiosior harundo
220 1922 1235 1974 coronet: & contrâ, evanescens abibit harundo,
217 1970 1237 2028 quam obsepiens multa filix in orbem cinxerit.
216 2017 1244 2071 Filix foemina foliis est filicis, surculosis, altiori¬
215 2065 1240 2130 busque, & quę non singulari, ut illa, pediculo ful¬
223 2119 1248 2185 ciantur: radicibus longis, pluribus, obliquis, quae
219 2175 1247 2239 ex nigro in luteum flavescunt: aliquę etiamnum
223 2208 1282 2290 rubrae inveniuntur. Pellunt lata interaneorum
210 2272 1243 2339 animalia, cum melle, eclegmate sumpto: potae
213 2324 1236 2379 cum vino drachmis tribus teretes tineas ejiciunt.
215 2373 1232 2436 Datae foeminis sterilitatem faciunt: & praegnan¬
223 2429 1230 2492 tibus abortum, si supergrediantur. Farina humi¬
219 2483 1234 2545 dis ulceribus & citatrici repugnantibus insper¬
227 2539 1249 2604 gitur: jumentorum cervicibus medetur. Folia
223 2588 1240 2645 recentia in oleribus cocta manduntur, ut ven¬
226 2631 1241 2696 trem emolliant. Nascuntur ubique, sed maximè
221 2693 1241 2745 frigido solo, ut in montibus, sylvis & saxosis.
219 2735 1270 2808 Effodi debent radices Vergiliis occidentibus,
217 2792 1242 2849 hoc est, Autumno. Siccari autem eàs Sole opor¬
214 2843 1030 2902 tet. Conservantur per annum. Dioscor.
277 2854 1253 2958 MILLSFOLIUM. Stratiotes, Myriophyllon.
219 2908 1234 3016 Ger. Garben / Schaffgarbe / Schaffripp / Tausentblat.
223 3000 1230 3058 Gall. Mille fueille, ou Cumin, ou Aneth sauvage no¬
224 3050 1239 3110 minatur: caulis est tener, singularis, unica nixus
228 3101 1248 3155 radie e: plurimis foliis, laevibus, foeniculo simili¬
215 3151 1242 3211 bus, unde nomen accepit. Caulis flavescit, va¬
218 3203 1251 3265 rius, ac veluti ex industria delineatus. * Vulnera
221 3258 1246 3318 recentia ab inflammatione vindicat, si vel viri¬
221 3306 1241 3382 de, vel siccum ex aceto oblinatur: praecipitatis in
1229 129 2298 227 [A] potu cum aqua & sale datur. Nascitur in palu¬
1243 197 2306 266 stribus & agris asperis. Per integram floret aesta¬
1284 269 1379 329 tem,
1396 268 1468 328 quo
1490 265 1669 325 tempore
1691 261 1803 321 etiam
1825 257 2032 317 colligitur.
2071 254 2300 314 Conserva¬

1280 319 1342 379 tur
1358 320 1488 380 autem
1505 318 1566 378 per
1589 313 1752 373 annum.
1763 308 1982 368 Dioscorides.

1339 370 1808 430 QUINQUEFOLIUM,
1826 362 1968 422 Graecis
1986 359 2294 419 Pentaphyllon,

1287 421 1419 481 Germ.
1425 418 1750 478 Fünfffingertraut.
1767 415 1869 475 Gall.
1882 413 2020 473 Quinte
2038 412 2152 472 fucille
2170 411 2212 471 vo
2224 410 2296 470 ca¬

1287 475 1374 535 tur:
1390 473 1570 533 ramulos
1598 470 1669 530 fert
1685 467 1920 527 festucarum
1942 463 2215 523 similitudine,
2231 460 2291 520 te¬

1293 526 1402 586 nues,
1414 523 1685 583 dodrantales,
1696 520 1731 580 in
1748 519 1892 579 quibus
1910 517 2066 577 semen:
2077 514 2175 574 folia
2192 511 2307 571 men¬

1283 577 1381 637 thae,
1399 575 1510 635 quina
1529 574 1689 634 singulis
1714 571 1917 631 pediculis,
1929 570 2016 630 rarò
2040 568 2157 628 plura,
2170 566 2201 626 in
2226 562 2311 622 am¬

1283 629 1371 689 bitu
1388 627 1552 687 serrata:
1570 625 1710 685 florem
1740 622 1781 682 ex
1804 622 1980 682 candido
2003 618 2290 678 pallescentem,

1288 679 1368 739 auri
1389 677 1587 737 aemulum.
1614 674 1860 734 Subrubram
1876 673 1989 733 habet
2010 669 2208 729 radicem,
2224 667 2294 727 ob¬

1286 733 1431 793 longam,
1450 730 1602 790 veratro
1621 728 1735 788 nigro
1754 724 1956 784 crassiorem.
1975 721 2165 781 Plutimis
2184 719 2310 779 pollet

1300 784 1503 844 remediis.
1515 781 1631 841 Jus
1648 779 1788 839 radicis
1811 776 1980 836 decoctae
1997 775 2038 835 ad
2061 773 2206 833 tertias,
2218 770 2241 830 si
2258 770 2293 830 in

1300 836 1361 896 ore
1383 833 1649 893 contineatur,
1660 830 1837 890 dentium
1854 827 2014 887 dolores
2037 824 2163 884 sedat:
2181 821 2313 881 putri¬

1303 888 1345 948 da
1363 886 1436 946 oris
1455 884 1607 944 ulcera,
1625 881 1845 941 collutione
1863 879 1973 939 sistit:
1997 877 2143 937 arteriae
2155 873 2302 933 scabri¬

1298 938 1396 998 tias,
1408 937 1653 997 gargarizatu
1672 933 1856 993 laevigat:
1868 929 2003 989 contra
2028 928 2095 988 alvi
2114 926 2304 986 profluvia

1303 991 1337 1051 &
1354 989 1588 1049 dylenterias
1605 985 1829 1045 auxiliatur:
1840 982 1932 1042 item
1954 980 2224 1040 articulorum,
2235 981 2303 1041 co¬

1292 1042 1557 1102 xendicumque
1569 1039 1806 1099 cruciatibus
1823 1035 1984 1095 potum.
2014 1033 2140 1093 Cocta
2164 1031 2198 1091 in
2216 1030 2302 1090 ace¬

1293 1094 1353 1154 to,
1365 1094 1401 1154 &
1413 1093 1521 1153 illita,
1532 1092 1718 1152 serpentia
1736 1090 1861 1150 ulcera
1879 1086 2053 1146 cohibet:
2059 1083 2233 1143 strumas,
2244 1081 2304 1141 tu¬

1299 1145 1453 1205 mores,
1465 1144 1636 1204 duritias,
1647 1142 1835 1202 abscessus
1858 1139 1892 1199 &
1909 1136 2161 1196 collectiones
2183 1133 2308 1193 discu¬

1296 1196 1356 1256 tit:
1368 1196 1482 1256 ignes
1499 1195 1656 1255 sacros,
1668 1193 1877 1253 reduvias,
1895 1188 2200 1248 condylomata,
2212 1183 2308 1243 pso¬

1296 1249 1436 1309 rasque
1458 1248 1582 1308 sanat.
1610 1246 1778 1306 Tenerae
1790 1243 1930 1303 radicis
1947 1241 2093 1301 succus,
2104 1239 2239 1299 contra
2256 1237 2312 1297 je¬

1309 1300 1471 1360 cinoris,
1483 1298 1808 1358 pulmonumque
1825 1294 1915 1354 vitia
1931 1292 2116 1352 prodest:
2128 1290 2217 1350 item
2240 1288 2313 1348 ad¬

1295 1351 1452 1411 versum
1469 1351 1643 1411 venena.
1671 1348 1784 1408 Cum
1801 1345 2065 1405 hydromelite
2087 1342 2239 1402 autem,
2250 1340 2312 1400 vel

1302 1403 1427 1463 dilunto
1446 1402 1552 1462 vino,
1564 1402 1602 1462 &
1614 1400 1758 1460 piperis
1776 1398 1939 1458 exiguo,
1952 1396 2108 1456 bibuntur
2127 1393 2214 1453 folia
2233 1391 2301 1451 con¬

1293 1456 1346 1516 tra
1370 1454 1537 1514 febrium
1560 1451 1750 1511 circuitus:
1763 1451 1798 1511 in
1822 1450 2012 1510 quartana
2036 1447 2208 1507 quidem,
2220 1443 2321 1503 qua¬

1294 1507 1453 1567 ternum
1469 1504 1716 1564 ramulorum
1737 1503 1858 1563 folia:
1874 1502 1913 1562 in
1929 1501 2088 1561 tertiana
2110 1497 2219 1557 verò,
2230 1495 2307 1555 ter¬

1296 1558 1412 1618 nûm:
1418 1558 1457 1618 in
1474 1556 1730 1616 quotidiana,
1742 1555 1869 1615 unius.
1887 1553 1931 1613 Ea
1948 1551 2110 1611 quoque
2132 1549 2221 1609 folia
2243 1546 2310 1606 tri¬

1299 1610 1400 1670 cenis
1425 1609 1514 1669 pota
1538 1609 1688 1669 diebus,
1700 1606 1963 1666 comitialibus
1987 1603 2160 1663 prosunt.
2171 1600 2309 1660 Folio¬

1293 1660 1392 1720 rum
1414 1660 1551 1720 succus
1573 1660 1700 1720 tribus
1722 1658 1875 1718 cyathis
1897 1656 2056 1716 aliquot
2083 1652 2221 1712 ditbus
2238 1651 2314 1711 po¬

1303 1714 1377 1774 tus,
1388 1712 1588 1772 celerrimè
1605 1711 1714 1771 regio
1737 1709 1875 1769 morbo
1897 1708 2091 1768 medetur.
2103 1706 2200 1766 Illita
2218 1703 2303 1763 cum

1303 1765 1418 1825 melle
1442 1765 1472 1825 &
1485 1763 1589 1823 sale,
1601 1763 1680 1823 tam
1698 1762 1954 1822 vulneribus,
1966 1759 2088 1819 quàm
2106 1757 2240 1817 fistulis
2258 1756 2313 1816 re¬

1298 1816 1433 1876 medio
1456 1814 1574 1874 sunt:
1591 1814 1861 1874 enterocelicis
1891 1811 2085 1871 auxilium
2108 1808 2307 1868 praestant.

1316 1865 1649 1925 Quinquefolium
1667 1865 1865 1925 sanguinis
1890 1864 2075 1924 profluvia
2100 1862 2131 1922 &
2149 1862 2260 1922 potu,
2273 1862 2309 1922 &

1307 1919 1402 1979 illitu
1421 1918 1516 1978 sistit.
1528 1918 1581 1978 Ad
1599 1918 1862 1978 expiationes,
1874 1915 2142 1975 castimonias,
2154 1913 2184 1973 &
2202 1912 2309 1972 incan¬

1306 1972 1478 2032 tamenta
1495 1969 1690 2029 inciditur.
1701 1967 1874 2027 Nascitur
1897 1966 1931 2026 in
1948 1966 2063 2026 riguis
2091 1966 2126 2026 &
2138 1965 2309 2025 aquariis

1307 2021 1508 2081 ductibus.
1527 2021 1655 2081 Floret
1673 2020 1777 2080 Majo
1801 2020 1832 2080 &
1850 2018 1954 2078 Julio
1973 2018 2120 2078 mensib
2150 2015 2309 2075 potissi¬

1297 2074 1429 2134 mùm,
1440 2072 1518 2132 quo
1535 2072 1718 2132 tempore
1734 2072 1845 2132 etiam
1867 2071 2045 2131 carpitur.
2062 2069 2327 2129 Conservatur

1304 2125 1437 2185 autem
1458 2125 1522 2185 per
1538 2123 1708 2183 annum.
1719 2122 1947 2182 Dioscorides.

1356 2174 1663 2234 Quinquesolium
1676 2174 1850 2234 vulgaris
1870 2174 1917 2234 est
1936 2173 2090 2233 notitiae
2111 2171 2204 2231 neque
2217 2171 2323 2231 frau¬

1309 2227 1364 2287 dem
1377 2228 1558 2288 admittit:
1570 2227 1633 2287 nisi
1651 2227 1757 2287 quòd
1782 2226 1938 2286 fortasse
1956 2224 2093 2284 aliquis
2118 2224 2323 2284 peculiari¬

1295 2281 1354 2341 ter
1371 2280 1677 2340 Tormentillam
1694 2278 1876 2338 usurpare
1900 2276 1965 2336 pro
1988 2276 2036 2336 eo
2059 2276 2170 2336 velit;
2183 2275 2317 2335 existi¬

1298 2332 1415 2392 mans
1431 2332 1560 2392 verum
1582 2332 1650 2392 esse
1672 2329 2019 2389 quinquefolium:
2036 2327 2120 2387 cùm
2136 2327 2310 2387 dubium

1306 2383 1384 2443 non
1402 2383 1462 2443 sit,
1474 2382 1659 2442 usitatum
1677 2381 1773 2441 illud
1796 2380 1863 2440 esse
1880 2380 2120 2440 legitimum.
2144 2378 2311 2438 Eligitur

1301 2435 1520 2495 collectum
1537 2435 1571 2495 in
1587 2434 1767 2494 montib.
1784 2433 1846 2493 aut
1863 2431 2060 2491 collibus,
2077 2429 2116 2489 &
2128 2429 2167 2489 in
2183 2429 2245 2489 usu
2268 2429 2318 2489 est

1304 2488 1407 2548 radix
1432 2486 1505 2546 ejus
1524 2486 1560 2546 in
1578 2486 1713 2546 umbra
1731 2486 1897 2546 siccata;
1915 2486 2142 2546 quanquam
2166 2485 2203 2545 &
2215 2484 2313 2544 folia

1307 2539 1482 2599 quoque
1500 2537 1608 2597 utilia
1632 2537 1716 2597 sint.

1359 2590 1511 2650 POLII
1536 2591 1611 2651 duo
1631 2591 1789 2651 genera.
1814 2590 2040 2650 Montanum,
2060 2588 2117 2648 cui
2135 2588 2306 2648 theutrio

1305 2641 1436 2701 nomem
1453 2642 1511 2702 est,
1528 2642 1562 2702 &
1573 2642 1681 2702 cujus
1704 2641 1750 2701 est
1767 2641 1869 2701 usus:
1886 2641 2012 2701 tenuis
2029 2639 2155 2699 frutex
2177 2641 2235 2701 est,
2252 2641 2314 2701 can¬

1310 2692 1441 2752 didus,
1453 2695 1715 2755 dodrantalis,
1727 2693 1864 2753 semine
1882 2692 2067 2752 refertus:
2085 2692 2258 2752 capitulo
2276 2693 2311 2753 in

1308 2746 1512 2806 cacumine
1536 2746 1734 2806 quandam
1751 2744 2032 2804 corymborum
2055 2744 2218 2804 speciem
2241 2746 2317 2806 prae

1302 2797 1331 2857 se
1349 2798 1525 2858 ferente,
1542 2798 1689 2858 parvo,
1707 2798 1800 2858 cano
1824 2797 2000 2857 hominis
2024 2795 2165 2855 capillo
2182 2795 2317 2855 simili,

1310 2848 1472 2908 graviter
1488 2849 1634 2909 olente,
1645 2849 1724 2909 non
1741 2849 1814 2909 sine
1830 2849 2003 2909 quadam
2021 2848 2221 2908 suavitate.
2244 2848 2317 2908 Al¬

1305 2902 1428 2962 terum
1445 2900 1681 2960 fruticosius,
1692 2900 1771 2960 non
1793 2899 1917 2959 usque
1934 2899 2030 2959 adeò
2052 2899 2187 2959 valens
2204 2899 2316 2959 odo¬

1298 2953 1351 3013 re,
1362 2953 1398 3013 &
1410 2953 1557 3013 viribus
1575 2951 1787 3011 infirmius.
1798 2951 1834 3011 *
1845 2950 1999 3010 Potum
2022 2950 2228 3010 servefacti
2246 2952 2310 3012 jus

1309 3004 1509 3064 auxiliatur
1527 3004 1759 3064 serpentium
1777 3004 1930 3064 ictibus,
1942 3004 2186 3064 hydropicis,
2204 3005 2320 3065 mor¬

1307 3058 1357 3118 bo
1373 3058 1502 3118 regio:
1519 3056 1552 3116 &
1563 3056 1725 3116 lienosis
1742 3055 1781 3115 ex
1804 3055 1916 3115 aceto
1960 3055 2212 3115 stomachum
2234 3056 2318 3116 ma¬

1304 3109 1333 3169 lè
1351 3109 1480 3169 habet,
1498 3109 1604 3169 caput
1627 3107 1833 3167 doloribus
1850 3106 1986 3166 afficit:
2003 3106 2133 3166 alvum
2156 3107 2191 3167 &
2209 3107 2320 3167 men¬

1304 3161 1353 3221 ses
1372 3160 1447 3220 ciet
1466 3160 1697 3220 substratum
1716 3158 1941 3218 suffitúmve
1959 3158 2159 3218 serpentes
2178 3161 2315 3221 abigit:

1298 3212 1444 3272 illitum
1461 3211 1619 3271 vulnera
1637 3211 1900 3271 conglutinat.
1917 3211 2074 3271 Amarum
2093 3211 2133 3271 est
2156 3212 2314 3272 gustan¬

1296 3263 1425 3323 tibus,
1437 3263 1472 3323 &
1483 3263 1642 3323 modicè
1666 3263 1759 3323 acre.
1771 3263 1912 3323 Itaque
1929 3263 2064 3323 viscera
2082 3263 2217 3323 omnia
2240 3263 2316 3323 ob¬

1296 3319 1509 3379 structione
1528 3319 1690 3379 liberat,
1709 3320 1941 3380 urinamque
1960 3319 2054 3379 ciet.
2085 3317 2310 3377 Uttunque

2212 3383 2311 3416 polii
