2479 3508
214 107 388 167 1691

713 106 803 166 De
837 109 1018 169 Foliis
1064 110 1233 170 siccis
1268 112 1324 172 in
1370 115 1631 175 quarto,
1642 121 1766 181 &c.

2115 126 2248 186 170

193 147 1258 238 polii genus, in pluribus Italiae locis provenit.
194 237 1182 286 Colligitur mense Junio. Conservatur autem
187 281 900 344 per annum. Dioscorides & Galenus.
245 319 1191 387 Polium montanum quoque ab omnibus co¬
203 387 1204 450 gnoscitur: in usu sunt cymę cum frondibus, quan¬
193 431 1197 487 do seminibus refertę sunt unà cum floribus con¬
203 485 1202 532 mistis. Neque adulterari potest: de montibus ta¬
207 536 1201 594 men siccis & petrosis, & regione pariter sicca &
190 587 1197 659 calida est colligendum. Amaro & acri sapore, &
201 632 939 704 odore valido debet esse praeditum.
250 683 1251 746 TRIFOLIUM, quod Graeci oxitriphyllon,
185 739 1203 786 aut asphaltion appellant; quòd bitumen redo¬
194 786 1201 847 leat, Germanis Siebengezeit / wolriechender klee¬
200 842 1195 909 multas habet virgas tenues, cubitum aut ampliùs
188 884 1200 962 longas: folia magna; acuminata, terna fingu¬
202 936 1192 1008 lis germinationibus exeuntia, quibus recenter
200 999 1192 1054 enatis rutae odor in est: ubi autem adoleverunt,
197 1041 1195 1097 bitumen olent: florem edit purpureum, semen
196 1093 1194 1149 latum, hirsutum, ex altera extremitate exertum
202 1146 1201 1194 corniculi modo: radix longa, tenuis, dura. Co¬
211 1194 1247 1264 piosè nascitur circa Elbam & Petram sanctam
205 1256 1203 1316 Hetruriae. Usus ejus esse debet, non trifolii pra¬
205 1297 1194 1365 tensis, quod à vero trifolio maximè differt, à
202 1349 1199 1413 Graecis descripto. * Semen & folia in aqua pota
205 1401 1203 1463 pleutiticis, urinae difficultati, comitialibus, & iis
196 1454 1198 1509 qui aquae inter cutem principia sentiunt, foemi¬
196 1499 1197 1571 nis quoque vulvae vitiis opportunis auxiliantur:
196 1553 1204 1601 menses ciunt: ternae drachmae è semine dari de¬
203 1602 1202 1651 bent, è foliis verò quaternae. Contra serpen¬
218 1656 1200 1721 tium ictus trita folia, & ex aceto mulsa pota,
215 1696 1264 1776 praesidio sunt. Tradunt aliqui, totius fruticis, ra¬
212 1763 1203 1825 dicis, foliorumque decoctum fotu dolores co¬
209 1809 1200 1871 rum finire, quos serpentes percusserint. qua au¬
209 1859 1203 1910 tem aqua sanatus quis fuerit, si ea quispiam a¬
202 1906 1207 1964 lius foveatur, qui ulcus habuerit, perinde affici¬
209 1960 1204 2020 tur ut à serpente demorsus. Quidam terna folia
206 2013 1202 2072 aut semina, in tertianis, cum vino potui dedere:
215 2062 1219 2126 & in quartanis quaterna, ut quae febrium circui¬
206 2127 1216 2183 tus discuterent. Radix antidotis inseritur. Diasco¬
215 2161 736 2223 rides & Medici Florentini.
266 2222 1264 2277 SICCANT quoque ordine tertio, Abrotanum
221 2266 1207 2325 ustum, Anethum ustum, Apium, Asarum, Ammi,
208 2316 1209 2372 Absinthium, Calamintha, Chamaedrys, Hysso¬
216 2368 1218 2437 pum, Juniperus, Majorana, Marrubium, Origa¬
215 2432 1230 2484 num, Peucedanum, Petrosclinum, Prarmica, Rhus
208 2469 1209 2541 obsoniorum, Ruta, Sabina, Salix, Sysimbrium,
222 2526 960 2588 &c. de quibus omnibus vide supra.
436 2587 1000 2681 De foliis siccis in quarto.
280 2666 1224 2730 VOCANT etiamnum SYLVESTREM Ru¬
233 2722 1256 2785 TAM, quod in Cappadocia & Galatia Asiae fini¬
211 2777 1213 2830 tima Moly dicitur. Frutex est, qui ab una radice
220 2825 1218 2891 multos emittit cauliculos: foliis multò quàm
217 2886 1230 2944 alterius rutae longioribus, teneribusque odore
230 2932 344 2992 gravi:
355 2932 447 2992 flore
464 2930 648 2990 candido:
665 2930 831 2990 capitulis
853 2930 888 2990 in
905 2930 1106 2990 cacumine
1128 2933 1221 2993 pau¬

224 2984 266 3044 tò
289 2981 522 3041 majoribus,
534 2980 647 3040 quàm
665 2980 777 3040 sativę
796 2981 891 3041 rutę,
902 2981 986 3041 quae
998 2981 1117 3041 tribus
1141 2983 1218 3043 ma¬

222 3035 333 3095 ximè
356 3032 531 3092 partibus
548 3032 746 3092 constant:
764 3032 805 3092 in
822 3032 962 3092 quibus
980 3034 1218 3094 triangulum

222 3085 356 3145 semen
373 3082 592 3142 subrufum,
609 3082 716 3142 gustu
733 3082 913 3142 amatum
930 3083 1149 3143 recluditur.
1160 3083 1222 3143 cu¬

228 3133 296 3193 jus
319 3133 365 3193 est
382 3133 479 3193 usus.
490 3133 627 3193 Semen
644 3133 833 3193 autumno
855 3134 1084 3194 maturescit.
1101 3136 1107 3196 *
1112 3136 1226 3196 quod

233 3187 322 3247 cum
340 3187 465 3247 melle,
477 3185 579 3245 vino,
590 3185 703 3245 croco
721 3185 757 3245 &
769 3185 947 3245 foeniculi
959 3185 1090 3245 suteo,
1102 3187 1132 3247 ac
1156 3187 1233 3247 gal¬

226 3238 309 3298 dina
320 3239 387 3299 ceo
409 3239 515 3299 fesse,
531 3239 665 3299 teritur
687 3239 815 3299 contra
837 3238 998 3298 retusam
1016 3238 1226 3298 oculorum

226 3292 371 3352 aciem.
385 3293 491 3353 Sunt,
504 3293 564 3353 qui
584 3293 656 3353 eam
677 3292 888 3352 harmalam
909 3292 1068 3352 vocent,
1074 3292 1147 3352 Syri
1167 3294 1233 3354 be¬

1262 174 2274 258 [A] sahan: qui Cappadociam incolunt, moly, quo¬
1266 232 2268 296 niam quandam cum moly servet similitudinem
1262 296 2274 358 radice nigra, flore candido. In collibus & laeto
1265 335 1806 416 solo provenit Dioscorides.
1315 388 2266 463 SICCANT quoque in quarto, Allium, Na¬
1270 431 1716 512 sturtium, Sinapi, &c.
1508 482 2043 592 De foliis astringentibus.
1322 575 2277 637 CUPRESSUS, Germ. Cypreß. Gall. cypres. Ital.
1283 636 2275 694 Cipresso. Hispan. El cypres dicitur. Hujus genera
1264 694 2266 753 [B] duo: mas scilicet & foemina: haec meta in fasti¬
1276 738 2277 804 gium convoluta: ille verò ramos in latus spar¬
1270 796 2265 848 gens. Harum patria, ac proprium natale solum
1283 843 2257 896 Creta insula est. In Idaeis etiam montibus, qui
1281 887 2268 964 ad Troadem spectant, cupressus numerosa spon¬
1273 948 2264 1010 te prosilit: alibi non nisi tempore, & perquàm
1283 995 2251 1062 diligenti cultura proveniens, & cultorem ma¬
1284 1044 2259 1110 gnopere fastidiens. Mira est cupressi foecumditas:
1277 1103 2260 1154 etenim trifera est. Colliguntur ejus coni mensi¬
1278 1144 2259 1213 bus Januario, Majo & Septembri. Semen iis in¬
1277 1199 2272 1251 [C] nascitur, granis adeò pusillis ac minimis, ut ato¬
1273 1249 2262 1302 mis comparari possit. Tradiderunt veteres, cu¬
1288 1298 2275 1370 pressum Diti saeram: & ideò funebii signo ejus
1289 1352 2275 1415 ramos ante domos ponere solebant, ubi aliquis
1274 1397 2265 1462 defunctus jacéret. * Cupressus refrigerat & a¬
1271 1450 2269 1508 stringit. Cujus folia ex passo, & exiguo myrthae
1277 1501 2274 1571 pota, vesicae rheumatismis, & urinae difficultati
1274 1566 2265 1622 auxiliantur. Pilulę autem ex vino tusae in dysen¬
1279 1606 2274 1674 teria, alvi fluxione, tussi & orthopnoea, aut si re¬
1297 1650 2281 1714 liciatur sanguis, convenientissimè bibuntur. Ea¬
1277 1705 2281 1773 [D] rum decoctum eosdem praebet effectus: tusae cum
1290 1758 2274 1816 fico duritias emolliunt, nariumque polypo me¬
1289 1805 2284 1862 dentur: in aceto coctae & cum lupinis detritae
1273 1859 2286 1919 scabros ungues ejiciunt: hernias intestinorum
1286 1905 2283 1985 prolapsu erumpentes illitu reprimant. Folia ea¬
1285 1958 2271 2019 dem praestant. Pilulę cum arboris coma suffitae,
1292 2008 2287 2065 culices abigere existimantur. Folia trita, & im¬
1301 2058 2290 2127 posita, vulnera conglutinant, sanguiaem sup pri¬
1294 2117 2290 2184 munt: ttita exaceto capillum tingunt illinuntur
1300 2160 2286 2231 per se, aut cum polenta ignibus sacris, ulceribus
1302 2210 2293 2281 [E] quae serpunt, carbunculis & oculorum inflam¬
1298 2276 2286 2324 mationibus admota cum cerato stomachum cor¬
1301 2313 2015 2389 roborant. Dioscorides & Matthiolus.
1345 2363 2281 2435 ERULUS (German. Attich. Gall. Hyebles. Ital
1288 2419 2290 2482 Ebulo Hisp. Tezgo yerua nota) longè humillus est
1289 2467 2289 2530 sambuco, magisque herbaceo generi assignan¬
1301 2526 2278 2603 dam: caulę quadrangulo geniculato: foliis amyg¬
1295 2571 2297 2632 dal ae, ex intervallo longioribus, geniculatim
1295 2622 2294 2691 expansis pinnatisque, gravcolentibus, in ambitu
1297 2669 2294 2733 serratis: muscario sambuci, flore & acino ejus¬
1262 2714 2296 2790 dem: radice nititur longa, crassitudine digitali.
1298 2771 2286 2845 * Vis & usus exiccans, alvo detrahens aquam,
1301 2824 2292 2903 stomacho inutilis Folia olerum more coquun¬
1286 2880 2287 2934 tur, ad pituitam bilemque detrahendam. Caules
1295 2930 2296 3002 teneri in patinis cocti, eadem efficiunt Radix in
1291 2977 2290 3055 vino decocta, & in cibis data, hydropicos adiu¬
1298 3023 2288 3105 vat: prodest viperarum morsibus, eondem pot¬
1292 3086 2283 3155 modo. vulvas emollit insidentium decocto pa¬
1314 3133 2287 3194 tefacit eorum spiracula, & vitia cortigit. Acii in
1309 3189 2288 3258 vino poti eodem funguntur mugere: denigrant
1310 3231 2282 3306 capillos illiti Folia, si praetenera ac mollia ex
1320 3282 2275 3353 polentà illinantur, inflammationem mitigant: am¬
