2479 3508
223 100 365 160 171

769 89 1168 149 Antidotarii
1193 94 1472 154 specialis
1496 95 1641 155 Lib.
1653 94 1713 154 I.

2108 101 2247 161 172

214 145 1234 216 bustis, & canum morsibus illitu prosunt: ulcera
215 214 312 274 quae
325 212 518 272 dehiscunt
538 211 577 271 in
596 210 789 270 fistulam,
809 209 1067 269 aggiutinant.
1080 211 1118 271 iis
1138 211 1202 271 qui

214 265 395 325 podagra
416 263 625 323 tentantur,
639 262 723 322 cùm
744 262 828 322 sevo
842 262 995 322 taurino
1023 262 1079 322 aut
1100 262 1211 322 hirci¬

219 313 278 373 non
298 314 449 374 prosunt
462 314 554 374 illita
574 313 679 373 folia.
692 313 856 373 Nascitur
877 313 909 373 in
929 313 1081 373 opacis,
1100 313 1205 373 aspe¬

214 365 270 425 ris
292 365 334 425 &
349 365 632 425 campestribus.
661 364 874 424 Colligitur
895 364 1016 424 mense
1037 364 1151 424 Junio
1173 364 1216 424 &

215 416 336 476 Julio,
351 416 387 476 in
401 416 566 476 Augusto
595 416 674 476 verò
696 416 832 476 baccas
847 415 925 475 suas
947 415 1105 475 profert.
1120 413 1205 473 Con¬

220 466 392 526 servatur
411 467 472 527 per
491 466 645 526 annum.
657 464 885 524 Dioscorides.

274 518 505 578 CISTHUS,
523 518 602 578 quem
614 517 729 577 aliqui
748 514 936 574 citharon,
954 514 1009 574 aut
1028 515 1204 575 cissaron,

216 568 291 628 Ital
310 568 397 628 verò
416 566 503 626 cisto.
516 566 615 626 Gall.
627 566 715 626 Ciste.
728 566 833 626 Hisp.
846 568 996 628 Cergacos
1015 568 1139 628 vocant,
1152 568 1208 628 ra¬

215 617 342 677 mosus
361 617 482 677 frutex
508 617 558 677 est,
571 617 628 677 sed
647 617 902 677 improeerus,
915 617 1093 677 foliosus:
1099 616 1207 676 rotun¬

219 668 279 728 dis
297 667 415 727 foliis,
428 667 583 727 acerbis,
594 668 755 728 hirsutis.
761 668 833 728 flos
857 668 1024 728 masculo
1047 668 1083 728 ut
1101 667 1202 727 malo

222 718 374 778 punicae
386 716 556 776 foeminae
575 718 682 778 albet.
701 718 872 778 Nascitur
885 719 916 779 in
935 719 1086 779 saxosis,
1100 718 1206 778 aspe¬

213 769 282 829 ris,
296 769 334 829 &
353 769 557 829 praesertim
570 769 609 829 in
628 769 762 829 monte
781 769 985 829 Apennino
1011 770 1208 830 Heuunae.

223 819 485 879 Conservatur
498 820 560 880 per
573 820 723 880 annum
741 820 842 880 *Vis
861 820 1086 880 astringens:
1104 821 1204 881 unde

214 869 330 929 flores
360 869 397 929 in
410 871 501 931 vino
520 871 661 931 austero
691 871 753 931 bis
771 871 807 931 in
832 872 893 932 die
918 872 1028 932 poti,
1041 872 1199 932 prosunt

221 920 484 980 dysentericis,
496 922 531 982 &
548 922 683 982 nomas
707 923 765 983 per
783 922 806 982 se
823 922 905 982 illiti
923 922 1127 982 cohibent:
1146 920 1209 980 ve¬

211 970 353 1030 tustati
364 971 555 1031 ulcerum,
572 973 604 1033 &
621 973 703 1033 igni
720 973 900 1033 ambustis
916 973 965 1033 cum
976 973 1102 1033 cerato
1124 972 1206 1032 me¬

213 1021 369 1081 dentur.
388 1022 636 1082 Hypocisthis
656 1024 910 1084 thobethron.
923 1024 981 1084 aut
1008 1024 1164 1084 Cytinus
1184 1024 1203 1084 à

217 1071 421 1131 nonnullis
439 1073 732 1133 cognominata,
743 1073 842 1133 juxta
860 1073 965 1133 cisthi
977 1072 1123 1132 radices
1146 1072 1205 1132 na¬

208 1121 346 1181 scitur,
353 1123 460 1183 floris
479 1123 605 1183 punici
626 1123 891 1183 similitudine.
904 1123 1096 1183 Quaedam
1109 1124 1209 1184 rusa,

209 1173 1231 1232 altera herbacęa, tertia candida. Praefettur subtu¬
218 1224 467 1284 faLiquatur
480 1226 614 1286 acaciae
628 1226 776 1286 modo.
810 1225 943 1285 Aliqui
964 1225 1085 1285 tamen
1111 1226 1212 1286 exie¬

208 1276 327 1336 cant,
339 1276 575 1336 fractamque
599 1276 806 1336 macerant,
824 1277 860 1337 &
872 1277 1109 1337 incoquunt,
1121 1276 1209 1336 reli¬

216 1325 338 1385 quaque
351 1327 393 1387 ut
405 1327 442 1387 in
454 1327 552 1387 lycio
576 1327 876 1387 prosequuntur.
895 1327 1023 1387 Anima
1035 1327 1206 1387 dverten¬

226 1375 283 1435 dum
295 1376 359 1436 est,
371 1376 428 1436 nem
441 1378 719 1438 hypocisthidis
744 1378 832 1438 loco
857 1378 1060 1438 colligatur
1079 1378 1205 1438 planta

210 1426 474 1486 aliquantulum
486 1426 517 1486 ei
529 1426 684 1486 similis,
703 1427 792 1487 quae
805 1427 925 1487 vulgò
943 1427 1063 1487 cauda
1081 1427 1207 1487 leonis

215 1476 393 1536 vocatur:
412 1477 451 1537 est
470 1477 565 1537 enim
585 1477 808 1537 orobanche
827 1478 1088 1538 Dioscoridis.
1107 1480 1209 1540 Vires

218 1526 362 1586 acaciae
381 1528 513 1588 habet,
526 1528 658 1588 verùm
671 1528 927 1588 aliquantulum
940 1528 1058 1588 magis
1077 1531 1202 1591 siccat,

220 1577 258 1637 &
271 1577 460 1637 astringit.
466 1577 486 1637 *
492 1577 648 1637 Prodest
668 1578 921 1638 dysentericis,
934 1580 1115 1640 coeliacis,
1121 1582 1207 1642 san¬

226 1627 384 1687 guinem
403 1630 680 1690 excreantibus:
693 1630 937 1690 foeminarum
956 1633 1148 1693 profluvio
1167 1635 1206 1695 &

219 1679 329 1739 pota,
341 1679 372 1739 &
384 1679 525 1739 indita.
538 1679 752 1739 Dioscoridet.

273 1730 561 1790 HIERACIUM
582 1732 725 1792 (Germ.
741 1732 970 1792 Habichtrant.
985 1732 1085 1792 Gall,
1100 1733 1207 1793 cicho¬

218 1780 267 1840 ree
287 1781 442 1841 iaulne.)
461 1781 647 1841 magnum
672 1783 821 1843 caulem
840 1783 1002 1843 emittit,
1014 1786 1206 1846 asperum,

216 1831 463 1891 subrubrum,
474 1832 686 1892 spinosum,
698 1834 857 1894 cavum:
868 1835 957 1895 folia
980 1835 1016 1895 ex
1033 1834 1215 1894 interval¬

209 1879 257 1939 lis
275 1880 480 1940 tariusculè
498 1883 630 1943 divisa,
643 1883 774 1943 similia
793 1883 938 1943 soncho
962 1885 1027 1945 per
1045 1886 1208 1946 ambitum:

213 1930 341 1990 luteos
365 1931 494 1991 flores,
500 1933 536 1993 in
554 1933 744 1993 oblongis
763 1934 952 1994 capitulis.
971 1936 983 1996 *
995 1936 1087 1996 Vim
1105 1937 1209 1997 refri¬

213 1979 375 2039 getandi
395 1983 532 2043 habet,
551 1984 589 2044 &
601 1984 758 2044 modicè
783 1985 1083 2045 substringendi:
1096 1989 1202 2049 unde

216 2030 377 2090 illitum,
383 2032 583 2092 stomacho
610 2035 790 2095 aestuanti,
796 2038 1197 2098 inflammationibus¬

217 2081 299 2141 que
316 2083 480 2143 prodest.
497 2084 631 2144 Succus
649 2086 871 2146 erosionem
888 2087 1075 2147 stomachi
1092 2090 1210 2150 sorbi¬

207 2131 319 2191 tione
343 2132 509 2192 mitigat.
538 2134 674 2194 Herba
698 2135 780 2195 cum
799 2137 916 2197 radiee
935 2137 1041 2197 illita,
1053 2140 1206 2200 vibratis

210 2182 228 2242 à
246 2182 452 2242 scorbione
476 2184 620 2244 ictibus
639 2186 856 2246 auxiliatur.
880 2188 1109 2248 Hieracium
1127 2189 1212 2249 par¬

217 2233 322 2293 rum,
328 2234 420 2294 folia
446 2234 478 2294 ex
497 2235 706 2295 intervallis
726 2237 856 2297 habet,
869 2239 974 2299 divisa
993 2240 1033 2300 in
1046 2240 1215 2300 ambitu:

217 2284 430 2344 cauliculos
450 2285 620 2345 teneros,
633 2287 803 2347 virentes:
815 2287 847 2347 in
866 2288 1005 2348 quibus
1024 2290 1112 2350 lutei
1125 2291 1200 2351 flo¬

211 2335 293 2395 res,
306 2335 445 2395 orbem
464 2335 704 2395 cirtinantes,
717 2338 900 2398 emicant.
926 2339 1014 2399 Vim
1033 2341 1135 2401 suam
1154 2342 1198 2402 ad

217 2386 367 2446 eadem,
380 2386 426 2446 àd
439 2387 524 2447 quae
543 2387 720 2447 superior,
733 2389 935 2449 impendit.
948 2390 1144 2450 Utrunque
1163 2390 1209 2450 u¬

214 2437 334 2497 biquè
356 2438 535 2498 nascitur.
557 2438 684 2498 Floret
699 2440 796 2500 Julio
819 2440 857 2500 &
872 2441 1043 2501 Augusto
1065 2443 1200 2503 mensi¬

216 2485 286 2545 bus
310 2488 533 2548 Dioscorides.

262 2537 351 2597 LYS
367 2537 448 2597 IMA
472 2538 602 2598 CHIA,
618 2539 733 2599 quam
757 2541 878 2601 aliqui
895 2545 1040 2605 Lytron
1065 2547 1202 2607 appel¬

210 2588 295 2648 lant
328 2587 461 2647 caules
480 2588 613 2648 emittit
640 2590 838 2650 cubitales,
858 2593 1010 2653 altiorés
1024 2596 1077 2656 ve,
1090 2597 1202 2657 fruti¬

216 2638 347 2698 cosos,
360 2639 484 2699 tenues
510 2640 792 2700 prodeuntibus
812 2643 1054 2703 geniculatim
1074 2648 1198 2708 foliis,

213 2687 415 2747 tenuibus,
429 2688 548 2748 salicis
562 2689 702 2749 figura,
715 2692 820 2752 gustu
842 2695 1121 2755 astringentibus,
1135 2698 1204 2758 flo¬

216 2737 377 2797 rerufo,
390 2738 444 2798 aut
464 2738 598 2798 aureo.
618 2741 793 2801 Gignitur
812 2743 846 2803 in
866 2744 1020 2804 aquosis
1040 2746 1074 2806 &
1094 2747 1201 2807 palu¬

215 2786 371 2846 stribus.
385 2788 420 2848 *
433 2789 631 2849 Foliorum
651 2791 781 2851 succus
801 2794 1047 2854 adstringente
1067 2800 1129 2860 sua
1142 2801 1196 2861 vi,

215 2837 412 2897 sanguinis
433 2842 692 2902 rejectionem
713 2843 938 2903 supprimit:
951 2847 1197 2907 dysentericis

212 2890 328 2950 potui
347 2890 464 2950 datur,
476 2890 537 2950 aut
550 2891 783 2951 infunditu:
802 2894 987 2954 mensium
1005 2897 1214 2957 abundan¬

212 2938 270 2998 tiam
284 2939 383 2999 sistit,
396 2940 429 3000 in
448 2941 567 3001 pesso.
580 2942 778 3002 sanguinis
798 2944 989 3004 profluvio
1009 2950 1200 3010 subvenit,

211 2989 236 3049 si
262 2990 371 3050 nares
390 2990 428 3050 ea
447 2992 563 3052 herba
594 2993 851 3053 obturentur:
870 2996 1068 3056 vulnerum
1094 3002 1208 3062 cruo¬

195 3041 282 3101 rem
296 3040 471 3100 cohibet.
499 3041 742 3101 Acerrimum
762 3045 904 3105 nidorem
918 3048 1039 3108 suffita
1060 3052 1195 3112 reddit:

207 3091 285 3151 qua
309 3091 349 3151 de
372 3091 474 3151 causa
498 3092 686 3152 serpentes
702 3096 828 3156 fugat,
844 3098 875 3158 &
890 3101 1032 3161 muscas
1048 3104 1197 3164 interfi¬

207 3142 288 3202 cit.
302 3139 527 3199 Dioscorides.

272 3191 524 3251 QUARCUS,
540 3192 657 3252 Germ.
673 3194 854 3254 Erchsaum
878 3198 973 3258 Gall.
988 3202 1098 3262 chesne
1114 3205 1202 3265 Ital.

214 3238 378 3298 Quertia,
393 3244 527 3304 Reuere.
534 3247 639 3307 Hisp.
647 3250 774 3310 Enzina
788 3252 886 3312 arbol
901 3255 1042 3315 dicitur:
1065 3257 1192 3317 omnis

1234 142 2277 220 [A] adstrictoriam vim habet, praesertim liber, qui cor¬
1270 216 2273 272 tici & ligno intercedit: quinetiam tunica puta¬
1272 266 2276 331 mini glandis subjecta. Decoctum ex iis datur dy¬
1257 306 2281 381 sentericis, coeliacis, sanguinem excreantibus. Tri¬
1272 371 2267 430 ta in pesso foeminis, fluxione vulvae laboranti¬
1273 414 2269 475 bus subjicitur. Glandes eosdem effectus exhi¬
1268 463 2289 527 bent: urinam eiunt: capitis dolorem, & flatus in
1283 522 2296 586 cibum sumptae pariunt: fesistunt esitatę venena¬
1277 568 2291 636 torum ictibus. Decoctum carum, & cortices eum
1275 614 2284 682 lactè vaccino potum, prodest contra toxica. In¬
1212 671 2287 738 [B] tritae crudae inflammationes illitu leniunt: ad du¬
1264 721 2285 777 ritias, quas cacoe he vocant, & malefica ulcera
1277 771 2285 838 cum salsa axungia conveniunt. lligneae glandes
1273 831 2274 889 viribus quernas antecellunt. Fagus & Ilex quer¬
1277 877 2283 936 cus generi assignantur, & consimile munus obeunt.
1280 921 2278 997 lligneae radicis cortex cum aqua coctus, dum mol¬
1264 972 2280 1053 litus intabescat, & tota nocte illitus, denigrat ca¬
1276 1026 2279 1087 pillos, priùs cimolia terra purgatos. Folia o¬
1276 1081 2277 1145 mnium tusa & trita tumoribus prosunt, & imbecil¬
1265 1121 2255 1191 las membrorum partes corroborat. Dioscorides.
1231 1179 2279 1246 [C] ASPERULA ODORATA, quibusdam Cordia¬
1275 1217 2273 1302 lis & Stellaria: Germ. Hertzfreud / Waldmeister / Le¬
1266 1285 2280 1340 berkraut / id est, Jecoraria sive Hepatica dicitur.
1271 1328 2279 1393 Rubiae & Aparinae haec similis est, sed humilior
1274 1388 2275 1454 ac odoratior. cauliculi ejus breves, & pede vix
1270 1435 2271 1499 altiores, folia è singulis geniculis sena septena¬
1268 1485 2290 1551 ve stellatim radiata, aliquantulum scabia, sed
1264 1541 2288 1614 non perinde tamen, ut Aparines, flotes albidi.
1259 1586 2280 1665 semen parvum, rotundam. radix tenis, serpens,
1271 1637 2280 1712 & stirpem ipsam facilè multiplicans, Tota her¬
1216 1676 2278 1763 [D] ba gratum suavemque expirat odorem, praeser¬
1268 1745 2281 1817 tim in atriis coenaculisque pedibus attrita. Apud
1276 1795 2279 1849 Germanos in sylvis, locis opacis, pingui solo¬
1267 1842 2288 1903 gignitur. Apud Belgas hortensis. Junio ac seriùs
1270 1902 2276 1964 floret.* Facultatem Gallio aliquatenus similem
1271 1942 2277 2008 habet, sed tamen imbecillior. Fertur in vinum
1263 1989 2272 2074 coniecta hilaritatem efficere, cordi ac iecoli pro¬
1266 2040 1624 2111 desse. Dodonaeus.
1316 2068 2266 2173 ADSTHINCUNT quoque Absinthium Amo¬
1265 2151 2276 2209 mum, Agnus castus, Bursa pastoris, Brassica co¬
1214 2177 2269 2279 [E] cta. Equisetum, Hedera, Helxinc, Intybum, Lauri
1267 2246 2268 2327 folia, Melilotum, Myrthus, Mentha, Oxalis, Poly¬
1273 2296 2269 2380 gonum, Pentaphyllum; Psyllium. Plantago, Por¬
1257 2361 2269 2428 tulaca, Ruta, Rhu obsoniorum, Sempervivum,
1270 2401 2271 2479 Salix, Verbascum, Vitex, Vitis, &c. de quibus sin¬
1268 2443 2046 2536 gulis vide in superioribus, suis lotis.
1500 2511 2018 2601 De foliis aperientibus.
1326 2578 2269 2670 CYCLAMINUS, vulgò panis porcinus dici¬
1255 2653 2274 2724 tur, Ital. Pan porcino. Hispanis nonnullis Mazam de¬
1274 2708 2268 2775 [F] porco. Ger. Schweinbrot / Erdapffel. Belg. Do keno¬
1264 2750 2267 2826 brot / Sueghenbrot. Gall. Pain de pourceau folia ha¬
1263 2797 2267 2883 bent hederae, purpurea, varia, in quibus suprà in¬
1267 2851 2271 2929 fraque albicant maculae: caule nudo quaternos
1258 2903 2257 2983 digitos aequant: floribus in eo purpurcis, rofa¬
1265 2957 2269 3035 rum effigie: radice nigra, & aliquantum lata, ut
1265 3014 2264 3093 tapum videri possit. * Quae cum hydromelite
1265 3054 2266 3141 pota, pituitam, aquamque detrahit: menses po¬
1253 3112 2269 3187 tu, appositumve ciet. Tradunt, si praegnans radi¬
1261 3156 2259 3239 cem transgrediatur, abortum fieri. Partum appen¬
1247 3210 2266 3290 sa accelerat: contra venena, praesertim leporis
1255 3260 2269 3347 marini ex vino bibitur: illita contra serpentium
2120 3323 2247 3398 ictus
